3100 5050
165 525 235 572 mn.
253 507 328 592 un]
400 527 515 576 unsri
538 528 665 577 nnouu
690 527 906 582 suetonum
1055 513 1122 578 457.

164 705 252 764 mes,
281 686 443 753 comitem
458 685 595 752 Cantiae
619 707 682 752 rex
705 687 868 751 instituit.
921 685 1119 751 Callidioris

162 789 315 868 pectoris
336 787 397 852 ille
420 789 527 852 totius
542 786 681 870 Angliae
697 787 933 852 vicedominus
956 788 1021 851 sub
1036 807 1118 869 rege

161 885 241 963 suit,
264 895 345 970 post
366 907 486 951 necem
503 887 672 952 Willelmi
695 888 757 952 filii
780 886 939 952 Osberni.
991 887 1118 971 Itaque

161 986 197 1049 in
219 985 430 1070 aggerandis
452 988 624 1052 thesauris
646 987 766 1065 mirus,
782 989 1004 1070 tergiversari
1019 990 1116 1054 mirae

162 1079 333 1166 ¹astutiae,
348 1107 438 1171 pene
459 1095 626 1172 papatum
650 1088 848 1154 Romanum
870 1088 995 1152 absens
1019 1107 1041 1152 a
1067 1089 1116 1152 ci·

160 1188 264 1251 vibus
280 1196 454 1253 mercatus
468 1188 602 1268 fuerat;
624 1208 727 1271 peras
741 1188 1001 1271 peregrinorum
1023 1190 1114 1271 epis·

159 1288 244 1352 tolis
263 1297 298 1353 et
311 1289 459 1353 nummis
475 1288 672 1353 infarciens
717 1288 828 1372 Cujus
847 1288 955 1352 futuri
979 1288 1114 1357 itineris

158 1389 323 1472 opinione
337 1409 415 1453 cum
436 1390 593 1454 certatim
608 1409 654 1454 ex
670 1395 746 1453 toto
761 1409 869 1470 reguo
888 1388 931 1451 ad
947 1408 1026 1453 eum
1047 1391 1113 1453 mi.

156 1488 238 1554 lites
266 1497 521 1568 concurrerent,
552 1509 616 1553 rex
643 1489 784 1571 indigne
817 1489 942 1566 ferens,
974 1507 1112 1572 compe·

156 1589 260 1654 dibus
282 1590 450 1671 irretivit3
473 1589 641 1673 praefatus
664 1609 733 1655 non
756 1609 795 1654 se
809 1590 1015 1654 Baiocarum
1037 1591 1110 1672 epi·

156 1709 315 1773 scopum,
330 1691 391 1755 sed
414 1691 573 1755 comitem
587 1689 724 1755 Certiae
741 1689 920 1771 prendere.
955 1690 1110 1759 clientes

155 1789 246 1874 ejus,
269 1791 372 1855 minis
392 1791 544 1873 impulsi,
573 1797 707 1855 tautam
734 1791 810 1852 auri
834 1790 969 1872 copiam
992 1790 1109 1872 prodi·

153 1891 249 1969 dere,
282 1897 322 1955 ut
349 1892 460 1957 nostri
488 1889 596 1954 seculi
636 1890 900 1955 aestimationem
929 1899 1110 1972 superaret

151 1990 242 2056 fulvi
267 1991 445 2074 congeries
468 1989 621 2071 metalli;
644 1990 791 2073 denique
812 1999 849 2054 et
866 1990 970 2054 cullei
990 1990 1108 2072 piures

152 2111 172 2155 e
199 2091 319 2154 fluviis
343 2091 505 2168 extracti,
531 2110 618 2174 quos
640 2110 703 2173 per
727 2098 823 2155 certa
845 2090 934 2166 loca,
959 2091 1107 2155 sublatis

151 2191 315 2269 consciis,
347 2191 532 2269 infoderat,
563 2191 685 2275 plenos
721 2211 807 2255 auro
835 2191 967 2256 molito.
1020 2190 1108 2257 Post

151 2301 300 2358 mortem
314 2290 432 2356 fratris
446 2292 638 2368 absolutus,
653 2293 839 2374 nepotique
853 2291 1030 2355 Willelmo
1044 2292 1106 2356 ad·

149 2399 327 2469 versatus,
348 2399 483 2475 partem
496 2391 643 2457 Roberti
663 2390 827 2469 fovebat3
850 2390 910 2455 sed
924 2398 1006 2455 tunc
1020 2411 1107 2473 quo·

108 2478 113 2486 ¹
149 2512 220 2577 que
236 2493 329 2557 male
352 2493 494 2558 cedente
513 2492 664 2569 fortuna,
687 2491 837 2557 extorris
851 2489 994 2574 Anglia,
1011 2491 1104 2557 Nor-

149 2594 314 2659 mannico
331 2594 451 2676 nepoti
461 2600 496 2657 et
510 2594 725 2676 episcopatui
738 2592 931 2657 insistebat.
969 2592 1104 2659 Deinde

148 2714 230 2759 cum
245 2694 367 2759 eodem
384 2693 707 2777 lerosolymitanam
718 2694 812 2757 viam
825 2694 1015 2774 ingressus,
1030 2691 1106 2757 An-

148 2794 302 2872 tiochiae,
318 2796 355 2858 iu
369 2794 548 2859 obsidione
559 2793 848 2870 Christianorum,
857 2793 960 2857 finem
971 2793 1103 2858 babuit.

201 2894 313 2980 §278.
333 2894 540 2959 Exterarum
556 2895 735 2958 nationum
750 2894 906 2959 homines
920 2893 1105 2975 dignanter
1116 2916 1252 2960 nummu-

147 2996 194 3059 ad
211 2996 400 3059 amicitiam
421 2994 571 3071 admisit,
584 2994 818 3058 indifferenter
830 2994 1018 3058 nonoribus
1040 3013 1103 3059 ex·
1115 2974 1268 3061 mi&

147 3096 252 3161 tulit:
291 3096 518 3179 eleemosynae
541 3113 660 3158 curam
685 3094 830 3159 habuit:
863 3094 1102 3159 transmarinis

146 3196 305 3261 ecclesiis
320 3196 449 3259 multas
473 3195 709 3278 possessiones
731 3195 768 3258 in
781 3192 912 3276 Anglia
932 3194 1101 3277 largitus3

145 3314 213 3360 nec
239 3295 349 3359 ullum
371 3295 441 3359 fere
462 3295 722 3371 monasterium,
743 3296 935 3378 praesertim
955 3296 992 3359 in
1008 3295 1102 3361 Nor·

145 3396 303 3472 mannia,
332 3394 388 3459 vel
417 3395 493 3479 ejus
520 3395 577 3459 vel
610 3395 736 3460 ducum
769 3393 1004 3457 munificentia
1024 3415 1102 3476 per.

146 3496 303 3573 transiit,
320 3503 360 3560 ut
374 3493 513 3577 Angliae
530 3495 630 3577 copia
645 3495 796 3559 tenuitas
809 3492 946 3556 iliorum
963 3500 1100 3557 susten·

140 3603 296 3661 taretur.
350 3595 409 3661 Ita
430 3596 507 3679 ejus
532 3600 686 3678 tempore
703 3595 795 3659 ultro
810 3594 964 3675 citmque
981 3612 1100 3657 coeno·

50 3730 53 3741 ·
144 3697 250 3761 bialis
268 3716 358 3778 grex
375 3696 542 3772 excrevit,
551 3696 762 3760 monasteria
778 3695 966 3776 surgebant
982 3692 1100 3775 religi-

146 3818 213 3864 one
231 3804 367 3874 vetera,
385 3795 540 3860 aedificiis
563 3796 727 3859 recentia.
779 3794 847 3857 Sed
869 3793 925 3857 bic
945 3792 1100 3857 animad-

144 3906 246 3964 verto
271 3897 550 3961 mussitationem
567 3895 766 3972 dicentium,
788 3894 916 3958 Melius
940 3893 1047 3957 fuisse·
1060 3903 1100 3958 ut

145 4000 294 4083 antiqua
317 3998 354 4060 iu
381 4014 446 4060 suo
470 4003 566 4059 statu
584 4002 883 4071 conservarentur,
898 4013 1014 4076 quam,
1030 3992 1100 4056 illis

145 4095 419 4174 semimutilatis,
434 4096 477 4161 de
493 4095 618 4178 rapina
634 4115 727 4161 nova
741 4100 1036 4159 construerentur.

312 4333 469 4407 manaa]
490 4340 520 4388 c.
533 4339 567 4388 n.
581 4339 628 4398 u.;
645 4309 814 4399 acuminum,
826 4334 859 4385 A.
871 4336 900 4385 s.
911 4335 944 4385 u.
