3100 5050
418 475 485 542 750
704 489 880 538 meroem
902 489 1081 538 novumn.
1211 474 1302 556 [me.
1318 489 1373 536 ιιι.

419 669 561 736 possum
574 647 688 714 dicere
711 648 867 714 fomitem
881 648 1035 713 omnium
1049 647 1220 712 malornm
1233 665 1372 710 rursum

419 753 457 816 in
471 748 603 834 Anglia
615 748 742 814 inisse:
766 749 858 833 quod
876 742 1060 832 ¹quatinus
1074 748 1250 825 acciderit,
1263 766 1371 830 expe·

421 852 525 916 diam.
577 848 743 915 Habebat
756 870 820 914 rex
833 849 1044 933 Stephanus,
1066 848 1293 913 Eustachium
1306 866 1371 911 no·

311 947 315 952 ’
418 951 526 1028 mine,
541 969 586 1015 ex
601 950 674 1015 filia
688 949 869 1014 Eustachii
882 949 1018 1014 comitis
1033 949 1277 1025 Bononiensis,
1294 966 1372 1013 sns-

422 1058 561 1136 ceptum
585 1050 706 1114 filium.
759 1050 841 1115 Rex
864 1049 957 1114 enim
981 1048 1169 1126 Henricus,
1185 1055 1286 1132 pater
1306 1050 1372 1112 im-

417 1150 616 1236 peratricis
639 1148 696 1238 (ut
722 1149 828 1216 altius
849 1157 1016 1233 repetam,
1039 1169 1083 1214 ne
1106 1149 1237 1215 veritas
1258 1155 1372 1231 gesto

423 1272 498 1316 rum
513 1252 621 1316 lateat
635 1247 823 1336 posteros)
836 1269 990 1317 sororem
1004 1249 1125 1315 uxoris
1144 1269 1230 1327 suae,
1249 1250 1372 1314 matris

423 1352 525 1416 istius
538 1352 698 1428 dominae,
717 1351 868 1419 Mariam
893 1351 1043 1428 nomine,
1065 1358 1213 1434 nuptum
1228 1349 1373 1414 dederat

424 1453 590 1536 praedicto
612 1451 741 1528 comiti,
757 1452 849 1535 quod
874 1459 967 1516 esset
986 1451 1016 1515 is
1031 1457 1068 1515 et
1082 1451 1208 1533 amplis
1231 1449 1374 1534 majori·

423 1553 489 1617 bus
503 1561 613 1630 ortus,
624 1552 794 1634 simulque
810 1552 994 1635 prudentia
1010 1558 1046 1615 et
1054 1551 1258 1615 tortitudine
1265 1549 1374 1633 juxta

424 1653 587 1734 insignis
635 1651 691 1716 Ex
709 1651 824 1717 Maria
845 1651 1055 1717 Eustachius
1079 1651 1165 1715 nibil
1186 1651 1373 1714 liberorum

424 1753 515 1828 tulit,
528 1759 656 1836 praeter
681 1751 789 1816 filiam
814 1751 998 1817 Matildem
1021 1751 1203 1816 vocabulo.
1255 1748 1375 1829 Hanc,
1448 1748 1453 1758 '

425 1862 525 1937 patre
539 1852 715 1930 defuncto,
730 1853 882 1919 nubilem
896 1853 987 1916 idem
1010 1851 1374 1934 magnificentissimus

425 1973 490 2018 rex
516 1952 693 2036 Stephano
718 1953 837 2034 nepoti
857 1953 1013 2034 legitimo
1027 1951 1247 2016 matrimonio
1266 1971 1375 2034 copu-

424 2054 524 2130 lavit,
544 2060 579 2117 et
600 2053 731 2136 pariter
751 2052 1006 2117 Bononiensem
1028 2053 1231 2118 comitatum
1253 2051 1375 2115 indus·

425 2155 492 2218 trie
505 2154 711 2236 acquisivit3
726 2173 807 2216 nam
821 2160 926 2218 antea
941 2152 1215 2217 Moritoliensem
1231 2152 1269 2215 in
1282 2150 1375 2215 Nor-

422 2255 567 2318 mannia
590 2273 635 2318 ex
658 2273 721 2318 suo
743 2252 897 2318 dederat.
948 2251 1029 2318 Hos
1048 2253 1235 2318 comitatus
1255 2253 1375 2334 nepoti

422 2373 490 2436 suo
506 2373 608 2438 quem
625 2353 813 2430 nominavi,
831 2352 1033 2430 Eustochio,
1047 2352 1185 2434 legatus
1193 2350 1275 2435 jure
1289 2352 1376 2417 dan·

427 2453 491 2518 dos
513 2454 748 2518 destinaverat
767 2453 850 2518 dum
874 2460 973 2537 pater
996 2453 1213 2535 inceptione
1241 2460 1376 2516 tenere-

428 2561 506 2634 tur3
529 2554 746 2635 imperatrice
769 2572 910 2637 prorsus
929 2555 1115 2630 abnuente,
1137 2553 1310 2618 incertum
1331 2572 1378 2617 an

427 2653 506 2719 aliis
531 2654 637 2719 etiam
659 2655 895 2735 promittente.
952 2653 1033 2733 Qua
1063 2653 1123 2717 ille
1147 2652 1300 2718 offensus
1323 2653 1378 2717 in-

423 2754 531 2839 juria,
550 2753 668 2821 multis
689 2754 811 2817 diebus
835 2754 879 2817 ab
902 2754 979 2836 ejus
1002 2753 1172 2818 abstinuit
1196 2752 1305 2830 curia,
1328 2759 1377 2832 et,

427 2855 587 2938 quamvis
607 2872 700 2935 saepe
724 2859 955 2930 revocaretur,
980 2872 1108 2934 negare
1128 2855 1376 2936 perseveravit.

429 2954 571 3019 Interea
604 2952 773 3017 familiare
802 2952 895 3034 apud
922 2951 1110 3017 Geldesord
1137 2972 1217 3017 cum
1244 2954 1378 3035 regina,

425 3055 546 3134 ‚fratris
563 3073 685 3131 uxore,
701 3052 910 3135 colloquium
931 3052 1065 3130 babuit,
1081 3052 1226 3136 ejusque
1240 3052 1377 3137 lachry-

429 3155 494 3217 mis
523 3162 559 3218 et
589 3153 827 3217 satisfactione
861 3152 1030 3218 infractus
1062 3152 1106 3216 ad
1137 3153 1377 3217 liberationem

429 3254 585 3336 germani
611 3254 762 3317 animum
788 3253 957 3332 intendit3
998 3271 1117 3317 omnes
1144 3254 1249 3317 etiam
1283 3254 1377 3317 illius

425 3354 539 3435 partis
554 3372 641 3436 quos
652 3353 688 3415 in
706 3352 853 3418 concilio
869 3353 1243 3430 excommunicaverat,
1258 3351 1378 3418 incon·

430 3453 532 3517 sultis
561 3452 744 3535 episcopie,
773 3452 935 3517 absolvit.
1002 3453 1218 3517 Ferebantur
1249 3460 1285 3516 et
1316 3473 1379 3537 per

430 3551 594 3633 Angliam
629 3552 704 3636 ejus
733 3553 771 3616 in
794 3552 1047 3634 imperatricem
1073 3554 1244 3635 querelae:
1284 3554 1379 3637 quod

431 3673 509 3716 eum
530 3672 653 3733 capere
664 3652 834 3731 voluerit3
858 3652 951 3734 quod
967 3652 1131 3736 quicquid
1146 3653 1178 3716 ei
1196 3654 1379 3737 juraverat

430 3751 616 3835 pronihilo
633 3752 812 3830 babuerit3
831 3770 949 3816 omnes
963 3752 1110 3815 barones
1121 3750 1262 3834 Angliae
1277 3754 1380 3819 fidem

430 3872 530 3916 suam
547 3852 639 3916 circa
661 3871 737 3915 eam
755 3851 929 3934 implesse,
952 3850 1013 3915 sed
1041 3852 1153 3935 ipsam
1179 3860 1380 3933 temerasse,

430 3972 510 4035 quae
526 3952 705 4036 acquisitis
720 3950 773 4015 uti
787 3952 941 4017 modeste
954 3952 1116 4018 nesciret.

643 4266 650 4298 ¹
663 4264 810 4338 eatinus]
833 4270 865 4319 E.
876 4281 884 4331 ;
902 4269 1021 4332 qualiter,
1032 4268 1061 4318 S.
1069 4268 1104 4319 D.
1117 4268 1170 4318 La.
