3100 5050
419 495 485 562 480
648 511 762 560 ousrn
786 511 914 560 ennon
937 509 1152 559 nunnonou.
1213 493 1373 575 [mauu

256 685 408 776 {guorma-
477 668 495 752 §
523 667 599 734 302.
638 668 738 732 Tunc
771 687 910 751 quoqne
947 668 1090 750 querela
1120 667 1374 751 archiepiscopi

256 788 399 827 morton:
422 768 650 832 Eboracensis
666 768 709 832 de
725 768 877 833 clamore
889 769 927 832 in
941 768 1207 850 wigornensem
1229 775 1266 832 et
1281 767 1374 831 Dor·

257 837 402 937 iiiyctiii‘o'd.
420 875 671 932 cacestrensem
688 867 870 953 episcopos
887 868 1003 932 decisa
1016 875 1053 932 et
1064 869 1179 951 sopita
1193 875 1259 945 est,
1275 886 1374 930 nam·

421 988 489 1052 que
511 968 648 1032 dicebat
677 988 736 1032 eos
769 988 843 1032 suae
867 967 991 1032 ditioni
1020 968 1200 1050 subjacere
1224 967 1372 1045 debere3

421 1067 526 1151 quod,
549 1087 627 1132 cum
648 1067 856 1152 jamdudum
872 1074 970 1132 muto
990 1067 1129 1133 silentio
1150 1067 1374 1142 ruminasset,

422 1167 572 1233 Romam
594 1187 672 1232 cum
687 1167 884 1232 Lanfrauco
906 1167 1095 1250 profectus,
1117 1173 1156 1231 ut
1178 1165 1286 1249 pallia
1307 1184 1374 1229 sua

422 1268 466 1331 ab
488 1267 682 1351 apostolico
703 1268 907 1350 reciperent,
924 1267 1041 1350 palam
1063 1266 1226 1330 audiente
1247 1273 1374 1331 senatu

423 1367 583 1432 Romano
598 1364 737 1431 extulit.
788 1366 889 1431 Tunc
906 1385 989 1431 vero
1008 1366 1237 1442 Lanfrancus,
1251 1385 1375 1447 qnam·

422 1467 477 1530 vis
500 1467 545 1530 ad
567 1487 687 1530 omnes
704 1467 851 1550 injurias
871 1467 1088 1531 inconcussae
1109 1466 1297 1530 soliditatis
1319 1485 1376 1528 es-

422 1572 489 1643 set,
515 1566 669 1630 nonnihil
696 1573 815 1630 tamen
845 1573 919 1629 tam
944 1573 1109 1649 proterva
1133 1572 1169 1630 et
1195 1572 1277 1629 ante
1306 1565 1375 1629 sibi

423 1665 583 1729 inaudita
605 1666 842 1748 postulatione
856 1667 1030 1744 turbatus,
1044 1667 1106 1730 irae
1122 1673 1256 1730 motum
1271 1666 1375 1729 vultu

424 1765 587 1847 prodidit,
613 1766 729 1829 verbis
758 1765 962 1848 aliquandiu
998 1767 1094 1830 intra
1122 1765 1240 1829 fauces
1269 1765 1377 1829 devo-

424 1866 531 1928 ratis:
555 1871 593 1929 at
620 1863 821 1930 Alexander
840 1884 945 1948 papa,
966 1866 1028 1947 qni
1049 1866 1257 1948 gravaretur
1281 1864 1377 1930 Lan-

424 1963 580 2028 francum
605 1967 823 2042 contristare,
846 1964 945 2051 (nam
964 1972 1001 2029 et
1020 1964 1174 2030 venienti
1190 1965 1377 2047 dignanter

425 2072 679 2142 assurrexerat,
700 2065 878 2148 professus
900 2065 987 2129 illud
1012 2065 1149 2148 insigne
1170 2065 1376 2130 reverentiae

425 2183 495 2228 non
512 2183 551 2228 se
568 2164 735 2229 detulisse
750 2165 874 2229 honori
894 2165 1169 2249 archiepiscopii,
1185 2164 1247 2228 sed
1263 2165 1376 2227 amori

426 2261 648 2347 magisterii)
662 2271 745 2328 tunc
762 2285 901 2349 quoque
911 2264 1095 2349 judicandi
1115 2264 1281 2329 iuvidiam
1297 2283 1320 2327 a
1336 2283 1378 2328 se

427 2357 571 2447 ¹rejecit‚
582 2364 655 2428 litis
666 2365 846 2429 arbitrium
855 2361 1284 2448 trajicieusinAnglorum
1294 2383 1381 2427 con-

427 2463 556 2529 cilium,
594 2462 829 2548 Quapropter,
843 2472 884 2530 ut
901 2463 987 2543 dixi,
1005 2485 1072 2542 res,
1086 2464 1233 2528 multum
1246 2464 1379 2547 diuque

427 2564 597 2628 ventilata
622 2565 658 2628 in
683 2558 749 2629 hoc
775 2566 934 2642 concilio,
958 2566 1050 2629 hunc
1072 2565 1198 2629 sortita
1225 2571 1279 2628 est
1303 2572 1378 2628 ter·

426 2665 577 2743 minum3
601 2670 652 2742 ut,
670 2666 753 2748 quia
774 2666 863 2730 citra
882 2665 1077 2729 Humbram
1098 2672 1227 2742 essent,
1244 2664 1379 2747 hiepi-

427 2764 522 2846 scopi
554 2762 799 2829 Cantuariensi
835 2766 1103 2848 applicarentur,
1141 2784 1262 2828 omnes
1290 2783 1379 2829 vero

426 2862 753 2928 Transhumbrauos
768 2864 998 2929 Eboracensis
1012 2866 1195 2929 obtineret.
1307 2933 1311 2940 ,
1369 2911 1375 2921 ,

477 2963 496 3047 ᾗ
517 2963 593 3028 303.
617 2963 688 3028 Hic
713 2973 837 3029 sancta
861 2964 1066 3048 simplicitas
1081 2965 1184 3042 ‚beati
1197 2964 1380 3028 Wnlstani

426 3062 669 3146 wigornensis
690 3066 856 3147 episcopi,
876 3066 982 3129 immo
1004 3066 1228 3146 magnanima
1242 3066 1280 3127 in
1299 3064 1381 3129 Deo

196 3198 207 3224 .
333 3184 334 3189 ’
427 3162 647 3240 confidentia,
673 3163 849 3227 laudanda
869 3171 905 3229 et
930 3165 1055 3248 plansn
1085 3164 1291 3247 excipienda
1312 3170 1381 3229 est.

429 3259 518 3324 Cum
536 3262 626 3325 enim
642 3270 678 3326 et
692 3262 734 3326 de
747 3262 813 3327 hac
829 3284 878 3341 re,
896 3264 990 3327 etde
1008 3283 1120 3348 parva
1137 3264 1283 3329 scientia
1297 3264 1378 3328 lite-

428 3380 545 3424 rarum
565 3361 737 3445 pulsatus,
754 3362 849 3427 foras
871 3364 1003 3427 exisset
1016 3371 1056 3427 ut
1071 3383 1094 3428 a
1108 3364 1274 3429 strictiori
1295 3384 1381 3428 con·
1461 3398 1465 3403 ·

428 3460 506 3525 silio
522 3480 726 3544 responsum
743 3469 895 3527 comeret
916 3482 1029 3540 suum,
1052 3482 1075 3528 a
1095 3464 1302 3528 tumultibus
1323 3484 1380 3527 re-

428 3568 523 3625 moto
546 3561 674 3638 animo,
690 3562 822 3626 ‘Crede
842 3561 950 3638 mihi,'
963 3564 1089 3647 inquit,
1104 3564 1277 3628 ‘nondum
1298 3582 1379 3627 can-

429 3661 580 3724 tavimus
604 3661 725 3725 horam
745 3670 903 3741 sextam3
927 3671 1105 3727 cantemus
1128 3664 1237 3746 ergo.'
1286 3662 1378 3726 Tum

429 3760 532 3824 sociis
558 3759 785 3824 referentibus
811 3768 851 3825 nt
875 3763 972 3845 prins
997 3771 1140 3846 propter
1165 3764 1258 3846 quod
1275 3783 1380 3828 vene-

429 3866 509 3923 rant
531 3860 746 3943 expedirent,
770 3861 866 3943 quod
892 3863 979 3926 satis
1007 3882 1179 3945 superque
1209 3862 1380 3927 sufficeret

429 3960 588 4023 cantibus
605 3968 763 4042 tempus3
781 3980 898 4042 regem
914 3968 950 4025 et
957 3981 1130 4045 proceres,
1147 3964 1176 4025 si
1193 3962 1267 4026 haec
1281 3963 1382 4026 audi-

429 4061 531 4137 erint,
556 4060 642 4123 risui
669 4079 706 4123 se
729 4059 848 4123 haberi
873 4062 1097 4143 opinaturos3
1121 4061 1258 4139 ‘Prius
1280 4063 1383 4127 crede
1464 4127 1467 4133 ,

624 4305 630 4335 ¹
643 4303 760 4376 Reiecit]
778 4309 812 4360 A.
825 4310 854 4360 S.
867 4312 902 4362 D.
913 4313 947 4362 E.
959 4313 1009 4375 L.;
1027 4314 1141 4377 removit,
1155 4315 1184 4363 C.
