3100 5050
160 489 301 570 mnu]
383 507 497 557 enarr
520 509 884 560 areuuauenonun.
1052 495 1118 561 643
1182 530 1185 535 -

160 659 207 724 lis
226 653 374 742 'amora
400 665 582 728 mulierum
612 665 743 746 gremio
769 665 1027 732 infunderetur:
1052 687 1115 732 nec

160 759 369 842 dignaretur
391 764 535 829 advenae
564 764 784 829 delectationi
815 768 970 848 praebere
997 785 1115 850 assen-

161 879 256 938 sum,
272 863 341 926 nisi
357 864 416 927 nbi
437 865 572 946 regium
593 883 711 928 semen
729 866 915 948 procedere
937 875 1056 949 posset
1077 867 1114 931 in

159 959 346 1042 effectum3
379 962 556 1028 effundens
585 971 746 1028 naturam
775 971 816 1030 ut
844 965 1015 1044 dominuS,
1044 987 1114 1032 non

159 1060 408 1145 obtemperans
429 1063 564 1127 libidini
591 1071 631 1127 nt
655 1063 819 1128 famulus.
862 1065 958 1130 cibis
979 1066 1113 1132 indiffe-

159 1167 280 1224 renter
303 1169 417 1242 utens,
446 1163 627 1247 magisque
653 1164 798 1246 explens
824 1166 984 1242 esuriem,
1007 1186 1111 1249 quam

158 1260 282 1342 multis
317 1263 472 1327 obsoniis
497 1282 626 1345 urgens
658 1264 869 1346 ingluviem
900 1266 999 1347 potui
1024 1286 1112 1332 nun-

158 1378 269 1440 qnam
286 1368 415 1444 praeter
425 1362 519 1426 sitim
532 1362 728 1444 indulgens.
762 1363 996 1432 continentiae
1010 1366 1111 1429 mini·

157 1478 257 1522 mum
273 1478 453 1525 excessum
468 1468 543 1526 tum
564 1462 602 1525 in
623 1463 696 1526 suis
718 1470 793 1527 tum
814 1465 851 1526 in
873 1464 1031 1528 omnibus
1049 1485 1111 1530 ex·
1146 1453 1148 1458 ¹

157 1577 298 1624 ecrans.
332 1561 452 1625 Somni
469 1561 599 1642 gravis,
611 1569 647 1625 et
661 1580 763 1644 quem
778 1562 940 1644 frequens
953 1565 1110 1630 roncatio

157 1657 438 1743 interrumperet.
476 1660 671 1725 Facultatis
686 1661 724 1725 in
740 1661 886 1727 dicendo
910 1665 1021 1744 magis
1038 1663 1108 1728 fore

157 1758 262 1822 tuitae
279 1779 384 1842 quam
410 1760 618 1851 elaboratae3
642 1780 707 1825 nec
731 1763 933 1845 praecipitis
951 1763 1012 1827 sed
1035 1783 1109 1828 ma-

158 1863 264 1922 turae.

212 1957 323 2040 5413.
346 1955 495 2023 Pietatis
521 1957 559 2023 in
576 1959 692 2025 Deum
711 1961 956 2042 praedicandae,
970 1982 1108 2026 monas·
1122 1976 1163 2016 111³
1172 1976 1236 2026 metr·
1312 1965 1329 1986 ‘

157 2057 251 2120 teria
264 2058 301 2120 in
314 2055 446 2140 Anglia
458 2065 494 2123 et
509 2059 725 2124 Normannia
738 2063 936 2125 construxit
948 2082 957 2141 3
983 2063 1110 2144 quibus

158 2157 243 2239 quia
273 2157 425 2222 nondum
456 2177 653 2241 supremam
681 2179 820 2223 manum
844 2162 1021 2243 imposuit,
1044 2183 1110 2244 ego

159 2275 303 2340 quoque
329 2257 473 2342 interim
497 2258 668 2348 judicium
691 2279 806 2323 meum
833 2259 1016 2338 differrem,
1044 2262 1110 2326 nisi

157 2375 216 2419 me
242 2356 521 2439 Radingensium
548 2358 694 2422 fratrum
728 2360 880 2425 charitas
904 2366 1019 2425 tacere
1041 2382 1110 2426 non

157 2456 302 2521 sineret.
354 2456 436 2521 Hoc
459 2457 520 2521 ille
544 2459 740 2522 coenobium
766 2460 858 2524 inter
877 2460 946 2524 duo
969 2461 1111 2524 flumina

160 2555 339 2621 Kenetam
361 2564 397 2622 et
409 2558 617 2622 Tamensem
639 2559 832 2635 constituit,
849 2560 926 2625 loco
943 2561 1002 2625 ubi
1023 2574 1111 2644 pene

158 2658 316 2722 omnium
339 2657 579 2721 itinerantium
596 2658 641 2723 ad
656 2659 896 2742 populosiores
919 2662 1021 2725 urbes
1035 2661 1109 2727 An-

158 2755 242 2837 gliae
259 2764 379 2839 posset
398 2776 474 2821 esse
488 2757 736 2839 diversorium
759 2760 945 2842 posuitque
967 2756 1015 2825 ibi
1036 2782 1111 2824 mo·

156 2855 291 2920 nachos
311 2856 570 2935 cluniacenses,
584 2859 645 2941 qui
669 2865 752 2923 sunt
778 2857 880 2922 hodie
904 2860 1109 2941 praeclarum

157 2956 359 3021 sanctitatis
382 2958 592 3040 exemplum,
614 2957 863 3040 hospitalitatis
880 2957 1061 3024 indefessae
1075 2968 1111 3023 et

157 3054 272 3119 dulcis
294 3055 479 3121 indicium:
512 3057 633 3121 videas
660 3057 825 3140 ibiquod
852 3077 921 3123 non
949 3059 1043 3135 alibi,
1069 3066 1109 3124 ut

156 3154 238 3237 plus
253 3154 421 3238 hospites,
434 3156 520 3220 totis
533 3156 627 3221 horis
641 3156 832 3233 venientes,
847 3176 951 3239 quam
972 3159 1108 3223 inhabi-

157 3260 276 3319 tantes
290 3256 476 3319 insumant
531 3256 796 3340 Praeproperum
818 3276 873 3319 me
894 3263 930 3322 et
949 3257 1108 3333 adulam:

155 3373 230 3417 rem
245 3354 394 3419 fortasse
409 3355 488 3437 quis
503 3354 643 3433 dixerit,
652 3355 746 3438 qnod
761 3375 852 3419 nunc
864 3355 1011 3437 primum
1026 3376 1107 3421 nas·

158 3460 297 3519 centem
318 3454 520 3537 religionem
543 3462 641 3519 tanto
663 3454 803 3519 efferam
828 3455 1014 3538 praeconio,
1047 3475 1108 3519 ne-

155 3554 271 3617 sciens
300 3553 383 3636 quid
410 3562 559 3618 ventura
584 3554 700 3637 pariat
717 3553 825 3632 -dies3‘
859 3553 920 3617 sed
949 3553 1015 3637 ipsi
1049 3552 1108 3640 (ut

155 3650 278 3737 spero)
295 3672 375 3717 cum
392 3653 461 3717 Dei
482 3655 598 3735 gratia
619 3654 795 3718 enitentur
816 3660 856 3718 ut
877 3654 913 3717 in
935 3655 1026 3717 bono
1043 3653 1107 3717 du·

153 3760 246 3818 rent.
278 3752 355 3836 Ego
371 3772 442 3816 non
457 3755 622 3817 erubeseo
635 3752 666 3815 si
681 3753 812 3815 sanctis
828 3752 911 3816 viris
928 3753 1104 3833 blandiar;

156 3860 193 3917 et
210 3853 340 3916 bonnm
353 3852 446 3936 quod
461 3852 499 3916 in
514 3872 568 3916 me
583 3871 653 3916 non
663 3851 787 3927 habeo,
804 3850 841 3914 in
856 3852 933 3915 aliis
947 3851 1105 3917 admirer.

154 3951 392 4016 Investituras
405 3951 628 4015 ecclesiarum
642 3951 719 4016 Deo
734 3957 770 4013 et
792 3957 912 4013 sancto
930 3950 1036 4013 Petro
1052 3970 1107 4014 re-

154 4052 262 4129 misit,
295 4058 377 4135 post
409 4051 537 4115 multas
565 4048 820 4115 controversias
845 4049 936 4112 inter
963 4068 1041 4112 eum
1071 4058 1107 4113 et

350 4285 360 4320 ¹
372 4286 484 4348 Amore]
504 4288 538 4338 A.
551 4288 580 4339 S.
594 4290 624 4339 C.
637 4289 672 4338 D.
683 4289 762 4347 Μή
777 4288 877 4349 amoris,
889 4288 921 4335 Ε.
1001 4278 1006 4286 “
