3100 5050
160 527 227 574 mn.
244 511 298 592 v.]
395 526 509 577 unsre
533 527 660 577 aucun
684 527 896 577 ancnonun.
1047 511 1114 578 668

161 683 196 746 in
213 684 391 767 speculam
415 693 560 764 erectas,
576 683 733 750 consudit
753 683 915 749 humanae
932 685 1036 750 sortis
1053 704 1112 749 va·

162 785 281 851 rietes.
333 785 497 869 Namque
519 785 650 850 indicto
669 786 706 848 in
721 781 888 867 Angliam
904 786 1029 864 reditu,
1050 805 1113 850 rex

163 885 229 947 sub
243 885 322 968 ipso
333 879 552 969 ¹crepusculo
565 885 714 968 septimo
730 883 900 948 kalendas
911 885 1114 950 Decembris
1127 910 1181 950 rev.
1191 911 1223 956 ιε.

164 985 259 1067 apud
282 985 473 1050 Barbelflet
495 1005 603 1050 naves
625 984 753 1064 solvit3
782 1004 941 1068 eumque,
969 986 1030 1068 qni
1050 961 1248 1048 im·*⁰‘¹¹²⁰'

164 1084 323 1167 pleverat
335 1086 493 1164 carbasa,
508 1092 634 1150 ventus
653 1082 799 1147 feliciter
815 1104 924 1166 regno
938 1093 974 1150 et
989 1084 1115 1168 amplae

165 1183 315 1248 fortunae
342 1185 489 1250 invexit.
548 1183 599 1249 At
620 1203 703 1250 vero
727 1183 1018 1264 adolescentulus,
1039 1185 1115 1269 jam

166 1284 401 1367 septendecim
413 1303 583 1350 annorum
601 1291 636 1350 et
650 1283 756 1366 paulo
773 1284 865 1367 plus,
881 1285 938 1348 cui
954 1284 1041 1348 nihil
1054 1284 1114 1349 de·

165 1383 325 1449 liciarum
347 1391 474 1468 praeter
490 1373 615 1449 nomen
634 1383 727 1465 regis
748 1403 812 1467 pro
833 1391 980 1467 paterna
1001 1383 1116 1449 indul-

167 1485 288 1566 gentia
314 1484 463 1563 deesset,
488 1485 593 1549 aliam
613 1483 679 1547 sibi
701 1503 826 1548 navem
847 1485 964 1567 parari
986 1502 1116 1567 praece·

168 1583 231 1667 pit,
247 1585 409 1650 omnibus
428 1604 516 1668 pene
538 1584 807 1649 adolescentulis
823 1603 1004 1667 procerum
1021 1584 1115 1662 filiis,

170 1685 271 1766 quasi
288 1705 352 1767 pro
368 1684 519 1749 colludio
537 1684 652 1749 aetatis
669 1683 824 1766 puerilis,
841 1703 884 1748 eo
905 1685 1115 1749 accurrenti·

171 1784 236 1848 bus
249 1805 259 1864 3
277 1786 363 1868 quin
379 1791 415 1849 et
429 1785 578 1867 remiges
594 1783 775 1848 immodice
790 1802 885 1847 mero
899 1784 1117 1866 ingurgitati,

168 1884 350 1968 voluptate
369 1885 511 1949 nautica
536 1902 641 1967 quam
664 1889 768 1965 potus
793 1883 1025 1962 ministrabat,
1041 1903 1116 1948 ma-

169 1991 247 2048 ture
268 1985 347 2049 illos
372 1985 433 2067 'qui
457 1989 709 2068 praecesserant
741 1990 822 2066 post
844 1990 982 2065 tergum
1012 1983 1116 2047 relin-

168 2085 325 2167 quendos
347 2084 586 2150 clamitabant.
637 2082 725 2146 Erat
739 2084 831 2146 enim
850 2083 950 2147 navis
973 2084 1117 2166 optima,

169 2184 338 2249 tabulatis
377 2184 478 2249 novis
518 2191 553 2248 et
591 2183 701 2246 clavis
738 2189 895 2246 recenter
926 2189 1115 2265 compacta.

171 2283 298 2369 Itaque
321 2303 415 2349 caeca
434 2284 509 2368 jam
532 2289 646 2361 nocte,
668 2282 837 2365 juventus
862 2283 1043 2365 sapientiae
1063 2283 1118 2345 in·

172 2383 266 2467 diga,
289 2385 460 2467 simulque
482 2389 567 2467 potu
590 2384 726 2460 obruta,
743 2401 867 2446 navem
881 2401 905 2445 a
918 2382 1035 2446 littore
1056 2382 1120 2446 im-

67 2565 70 2571 ·
171 2485 318 2569 pellunt.
369 2482 553 2551 Volatilla
566 2489 719 2567 pennata
739 2482 913 2565 pernicior
929 2482 1118 2561 arundine;

172 2594 218 2662 et,
243 2586 434 2669 crispantia
463 2585 570 2649 maris
597 2591 698 2664 terga
725 2583 862 2660 radens,
888 2583 1121 2666 imprudentia

173 2686 345 2750 ebriorum
359 2686 505 2768 impegit
520 2684 557 2747 in
570 2683 750 2767 scopulum
765 2703 835 2747 non
849 2682 953 2764 longe
968 2702 990 2746 a
1003 2682 1121 2747 littore

172 2804 279 2869 supra
297 2786 443 2869 pelagus
460 2791 650 2848 extantem.
703 2781 929 2864 Consurgunt
950 2802 1034 2864 ergo
1057 2784 1121 2847 mi·

174 2887 254 2965 seri,
272 2892 313 2949 et
337 2904 464 2967 magno
490 2884 640 2948 clamore
662 2881 810 2947 serratos
834 2889 956 2946 contos
978 2883 1122 2966 expedi·

173 2994 249 3064 unt,
273 2985 333 3048 diu
355 2990 528 3049 certantes
546 2990 586 3047 ut
602 3002 726 3047 navem
740 3001 762 3045 a
774 3001 861 3064 rupe
872 2982 1121 3066 propellerent;

173 3086 233 3151 sed
257 3085 450 3150 obsistebat
465 3082 617 3161 fortuna,
634 3101 754 3147 omnes
778 3102 896 3146 eorum
918 3088 1065 3146 conatus
1086 3083 1122 3146 in

174 3187 311 3251 irritum
325 3184 510 3249 deducens.
562 3182 688 3266 Itaque
703 3189 739 3245 et
754 3181 840 3245 remi
853 3182 890 3244 in
906 3200 1032 3245 saxum
1048 3176 1123 3247 ²ob·

110 3284 115 3291 '
176 3288 251 3351 nixi
266 3304 442 3368 crepuere,
457 3300 693 3365 concussaque
708 3300 812 3365 prora
826 3281 1001 3364 pependit.
1024 3280 1048 3346 J
1050 3302 1123 3347 am-

176 3407 244 3469 que
266 3385 355 3451 alios
374 3384 476 3449 undis
494 3383 702 3467 exponebat,
720 3381 807 3446 alios
828 3382 987 3463 ingressa
999 3401 1063 3464 per
1077 3383 1123 3446 ri-

103 3524 107 3535 »
175 3506 250 3551 mas
268 3504 361 3567 aqna
378 3484 556 3561 enecabat,
569 3501 646 3546 cum
664 3481 777 3564 ejecta
789 3480 1124 3563 scapbaliliusregis

177 3587 371 3669 excipitur3
398 3584 596 3666 salvarique
618 3582 791 3664 potuisset
807 3581 850 3644 ad
868 3579 968 3645 littus
990 3600 1124 3663 regres-

177 3706 249 3766 sus,
265 3685 334 3749 nisi
357 3703 456 3749 soror
477 3682 554 3767 ejus
576 3680 695 3759 notha,
710 3681 889 3745 comitisse
905 3680 1065 3757 Perticae,
1088 3682 1125 3746 in

176 3786 300 3871 maj0ri
316 3803 406 3849 nave
422 3803 499 3848 cum
513 3788 624 3846 morte
638 3781 788 3858 luctans,
805 3780 968 3845 foemineo
989 3782 1124 3846 ululatu

176 3886 295 3951 fratris
315 3905 417 3968 opem
441 3882 673 3966 implorasset,
687 3900 730 3945 ne
745 3888 819 3944 tam
831 3881 936 3963 impie
961 3900 999 3944 se
1020 3882 1125 3945 relin-

178 3993 310 4069 queret.
357 3984 435 4061 Ille,
451 3982 687 4048 misericordia
703 3981 885 4060 infractus,
900 3981 1050 4044 lembum
1066 4000 1124 4045 ca-

214 4213 405 4284 mmenata]
433 4219 463 4267 c.
479 4218 514 4267 n.
526 4218 558 4268 n.
570 4218 641 4276 ης
686 4187 711 4271 ,²
725 4190 820 4239 Οὔπω
840 4190 1040 4254 ...maneus
1056 4191 1127 4241 ‘Ob-

667 4261 721 4308 mxi
731 4275 862 4323 crepuere,
871 4261 989 4321 illincque
1000 4276 1075 4321 prora
1085 4277 1128 4323 pe·

179 4287 475 4351 n00t12010⁹¹¹⁸⁰¹²¹⁰²l·
488 4288 516 4337 ⁸·
667 4330 773 4392 pendit!
789 4328 1061 4397 (virginemne)
