3100 5050
386 467 452 534 728
657 485 845 535 mercam
867 484 1046 534 novrum.
1193 468 1281 550 [nm.
1299 482 1340 528 11.

301 660 376 710 mio
389 645 434 709 ab
460 643 515 708 bis
540 644 646 709 etiam
671 646 758 728 quos
784 644 960 710 felicitatis
986 643 1063 729 ejus
1091 642 1224 708 invidia
1249 643 1339 709 clam

226 714 251 755 ⁰¹
310 714 370 762 Μ’
389 743 580 824 mbrdebat,
592 746 810 830 maximeque
827 767 849 810 a
861 746 1027 810 ministris
1041 752 1078 810 et
1091 738 1193 809 ¹tnnc
1208 744 1341 808 debito·
1382 747 1386 754 ’

389 847 484 912 ribus
501 846 606 928 regis,
626 847 658 911 ei
674 865 890 930 quaecunque
912 867 1000 931 pene
1023 846 1213 929 cogitasset
1227 845 1342 909 confe-

391 948 566 1012 rebantur.
598 947 736 1031 Siquid
754 948 1030 1030 possessionibus
1048 947 1123 1031 ejus
1138 947 1340 1028 contiguum

390 1056 466 1113 erat
487 1047 579 1131 quod
606 1049 679 1112 suis
702 1048 912 1113 utilitatibus
936 1047 1156 1125 conduceret,
1176 1048 1341 1112 continuo

390 1150 447 1215 vol
471 1169 573 1234 prece
588 1148 644 1215 vel
667 1150 792 1233 pretio,
815 1150 869 1213 sin
893 1149 1006 1212 minus
1023 1148 1201 1226 violentia,
1224 1155 1341 1212 extor-

390 1251 531 1334 quebat.
584 1250 678 1334 Ipse,
694 1249 863 1332 singulari
882 1248 994 1332 gloria
1010 1247 1197 1334 (qnantum
1220 1255 1341 1314 nostra

391 1360 479 1416 aetas
504 1351 677 1440 reminisci
700 1349 830 1440 potest)
860 1351 897 1415 in
931 1349 1088 1414 domibus
1116 1348 1340 1428 aedificandis,

391 1451 574 1537 splendida
587 1472 650 1536 per
663 1471 782 1516 omnes
797 1452 1034 1535 possessiones
1049 1469 1131 1516 suas
1146 1453 1343 1516 construxit

391 1553 601 1630 habitacula,
618 1552 653 1617 in
671 1552 796 1635 quibus
811 1552 923 1617 solum
940 1551 1077 1617 tuendis
1103 1571 1342 1618 successorum

392 1653 468 1738 ejus
490 1654 619 1719 frustra
637 1654 810 1719 laborabit
834 1672 961 1736 opera3
985 1653 1102 1717 sedem
1126 1673 1225 1717 suam
1247 1654 1342 1718 miri-

392 1754 467 1818 ficis
491 1755 703 1819 ornamentis
718 1763 764 1824 ‚et
779 1753 945 1830 aedificiis,
968 1753 1056 1818 citra
1079 1755 1186 1818 ullam
1211 1775 1343 1838 expen-

391 1874 509 1919 sarum
526 1856 786 1938 parcimoniam,
806 1856 842 1919 in
857 1856 1061 1920 immensum
1077 1856 1216 1921 extulit.
1255 1856 1343 1921 Erat

392 1976 533 2039 prorsus
549 1957 674 2020 mirum
687 1956 804 2021 videre
820 1956 861 2020 de
876 1956 1013 2021 homine
1027 1956 1100 2033 illo,
1117 1963 1249 2040 quanta
1264 1977 1342 2021 eum

390 2057 428 2122 in
450 2058 545 2123 omni
561 2078 686 2140 genere
702 2057 912 2140 dignitatum
926 2077 1037 2140 ,opum
1059 2058 1268 2141 sequebatur
1284 2078 1342 2123 co-

390 2157 461 2242 pia,
477 2165 512 2223 et
534 2160 634 2242 quasi
653 2158 698 2224 ad
720 2179 858 2222 manum
882 2157 1067 2224 affluebat:
1091 2159 1261 2241 quantula
1281 2160 1343 2223 illa

392 2259 516 2340 gloria,
538 2258 627 2346 (qua
645 2259 727 2342 quid
752 2264 873 2343 posset
892 2259 1048 2323 accidere
1070 2259 1182 2342 majus
1193 2254 1227 2344 i)
1250 2259 1342 2343 quod

392 2359 481 2423 duos
496 2367 652 2443 nepotes,
667 2379 740 2423 suae
754 2360 969 2424 educationis
988 2379 1105 2443 opera,
1125 2359 1280 2424 honestae
1303 2359 1345 2422 li-
1367 2375 1371 2380 ·

393 2467 558 2524 teraturae
573 2467 609 2526 et
620 2460 801 2526 industriae
815 2461 921 2540 viros,
937 2460 1050 2526 effecit
1060 2460 1240 2545 episcopos
1254 2480 1262 2541 ;
1281 2480 1344 2527 nec
1365 2489 1368 2496 ·

393 2580 477 2625 vero
492 2562 634 2626 exilium
651 2562 924 2646 episcopatuum,
941 2562 999 2626 sed
1017 2562 1292 2627 Lindocoliensis¹
1310 2570 1345 2628 et

395 2659 584 2740 Heliensis,
608 2663 733 2745 quibus
763 2663 997 2745 opulentiores
1017 2663 1137 2743 nescio
1159 2663 1189 2726 si
1217 2661 1344 2728 habeat

394 2759 535 2844 Anglia.
587 2761 766 2828 Sentiebat
785 2764 859 2847 ipse
877 2770 1044 2847 qnantum
1067 2770 1197 2847 posset,
1216 2770 1262 2841 et,
1281 2765 1344 2828 ali·

393 2871 526 2946 quanto
548 2862 667 2928 durius
690 2883 795 2948 quam
821 2859 927 2930 talem
942 2864 1054 2928 virum
1076 2864 1225 2942 deceret,
1243 2864 1344 2929 Divi·

393 2964 513 3029 nitatis
538 2964 746 3031 abutebatur
770 2964 999 3046 indulgentia.
1060 2965 1233 3049 Denique,
1255 2966 1344 3031 sicut

394 3073 499 3150 poeta
515 3064 655 3147 quidam
671 3066 714 3131 de
729 3058 897 3148 ²qnodam
912 3064 1019 3131 divite
1033 3064 1129 3143 dicit,

446 3208 618 3294 ‘⁸Diruit,
633 3213 794 3297 aedificat,
809 3221 923 3281 mutat
937 3204 1109 3297 quadrata
1125 3216 1285 3281 rotundis
1295 3216 1316 3297 ;’

394 3366 446 3430 ita
460 3364 633 3446 Rogerins
651 3364 809 3430 abbatias
822 3364 858 3429 in
876 3364 1127 3448 episcopatum,
1142 3384 1196 3431 res
1212 3366 1344 3450 episco-

393 3473 500 3552 patus
512 3466 549 3530 in
566 3467 754 3545 abbatiam,
767 3466 916 3531 alterare
931 3472 1076 3530 conatus
1090 3473 1154 3531 est.
1179 3465 1344 3532 Malmes·

394 3568 544 3632 biriense
581 3574 616 3632 et
644 3565 971 3644 Abbadesbiriense,
1002 3566 1245 3649 antiquissima
1275 3588 1342 3633 coe-

394 3668 509 3745 nobie,
534 3665 722 3754 (quantum
746 3668 783 3730 in
807 3667 884 3751 ipso
905 3661 990 3751 suit)
1012 3666 1228 3751 episcopatui
1251 3667 1344 3733 dele·

394 3769 514 3853 gavit:
542 3768 843 3833 Scireburnensem
873 3768 1074 3851 prioratum,
1100 3768 1160 3851 qui
1184 3771 1344 3853 proprius
1435 3802 1439 3809 ·

394 3878 448 3935 est
463 3870 616 3953 episcopi
632 3867 903 3947 Salesbiriensis,
921 3868 957 3931 in
979 3868 1155 3933 abbatiam
1177 3872 1342 3951 mutavit;

393 4092 540 4218 Lim]
555 4098 609 4213 ,Εη
626 4096 730 4147 omltoed
741 4112 768 4146 m
781 4095 810 4145 S·
819 4096 854 4147 D.
916 4162 1047 4213 ³Dirut't.
1062 4200 1068 4213 .
1082 4200 1088 4214 .
1101 4166 1235 4232 rotunda]
1252 4169 1343 4221 Horat.

393 4234 576 4358 LgQuodom]
589 4238 622 4288 E.
632 4253 639 4298 ;
650 4237 772 4302 quolibet,
784 4236 812 4289 S.
820 4238 855 4287 D.
882 4236 963 4299 Epist.
976 4248 995 4286 1.
1010 4236 1033 4285 1.
1047 4238 1102 4286 1⁰0.
