3100 5050
180 527 253 577 nin.
269 513 322 594 v.]
414 529 529 577 casua
551 529 678 578 nncuu
703 528 915 578 aucconuu.
1068 513 1132 584 661

179 705 353 752 eameram
368 706 447 770 quae
470 694 524 751 est
541 694 622 752 ante
643 685 895 752 confessionem
913 689 1025 752 sancti
1041 687 1129 753 Gre·
1143 704 1263 746 conteror

178 788 281 868 gorii,
304 795 345 854 ut
365 789 414 852 ibi
436 789 623 871 deponeret
645 787 857 870 apostolicus
881 807 945 851 sua
970 757 1275 896 sacerdo-{ilidii

178 887 278 966 talia,
296 889 484 971 imperator
498 895 615 952 autem
637 907 703 951 sua
723 888 868 968 regalia.
922 887 1129 971 Imperatori
1158 858 1258 908 ῬΜ

177 994 296 1051 autem
310 988 451 1052 exeunti
464 988 506 1051 de
520 1006 668 1063 camera,
684 994 720 1051 et
733 988 807 1051 suis
819 987 993 1069 regalibus
1008 997 1127 1068 exuto,

177 1095 402 1152 occurrerunt
424 1087 576 1152 Romani
599 1087 737 1170 patricii
758 1107 837 1150 cum
860 1106 964 1153 aureo
986 1089 1127 1168 circulo,

176 1206 281 1269 quem
307 1188 546 1270 imposuerunt
570 1188 770 1270 imperatori
798 1187 982 1269 incapite,
1008 1197 1043 1252 et
1065 1210 1127 1272 per

176 1306 256 1350 eum
272 1287 441 1352 dederunt
455 1289 522 1352 sibi
534 1307 705 1351 summum
719 1287 940 1370 patriciatum
955 1287 1125 1354 Romanae

176 1388 287 1466 urbis,
320 1389 494 1454 communi
527 1407 697 1453 consensu
732 1387 886 1451 omnium
925 1394 960 1452 et
994 1388 1125 1454 volenti

175 1487 305 1553 animo.

228 1587 246 1671 §
261 1588 338 1653 426.
362 1587 508 1653 Omnem
523 1589 612 1652 hanc
629 1589 851 1654 ambitionem
866 1589 1124 1673 privilegiorum

175 1693 212 1752 et
225 1689 508 1768 consecrationis,
521 1691 629 1754 verbo
642 1688 686 1753 de
700 1690 838 1772 scriptis
854 1689 992 1772 praelati
1008 1690 1124 1755 David

174 1789 353 1868 transtuli,
363 1808 442 1872 quae
457 1790 517 1854 ille
530 1787 588 1876 (ut
604 1786 695 1874 dixi)
709 1790 853 1872 pronius
865 1808 969 1872 quam
985 1791 1124 1855 deberet

175 1888 220 1952 ad
245 1889 394 1971 gratiam
418 1891 511 1972 regis
534 1888 692 1953 inflectit.
745 1889 910 1972 Sequenti
927 1909 1010 1954 vero
1032 1909 1123 1955 anno
1135 1903 1258 1945 tib-¹112·

173 1996 426 2071 congregatum
440 1996 494 2054 est
507 1989 690 2053 concilium
710 1987 843 2068 Romae,
859 2009 928 2054 non
944 1996 1016 2053 tam
1033 2010 1122 2072 prae-

174 2088 325 2171 cipiente
348 2109 452 2173 quam
481 2088 686 2154 connivente
714 2109 819 2172 papa,
845 2096 880 2154 et
904 2090 1123 2172 privilegium

173 2188 261 2252 illud
277 2189 413 2253 irritum
426 2190 557 2254 factum
574 2196 639 2253 est.
677 2187 851 2254 Auctores
866 2188 963 2253 fuere
980 2189 1123 2273 hujusce

174 2290 379 2354 mutationis
389 2282 918 2373 archiepiscopus¹viennensis,
929 2290 989 2372 qui
1001 2297 1124 2372 postea

173 2389 291 2452 sedem
315 2391 540 2473 apostolicam
563 2390 667 2466 rexit,
693 2396 729 2454 et
753 2390 936 2473 episcopus
961 2389 1123 2471 Engolis-

174 2490 316 2569 mensis,
331 2489 501 2555 Girardus
513 2490 661 2568 nomine,
678 2489 739 2573 qui
751 2489 975 2575 coepiscopos
990 2490 1122 2556 adhaec

173 2592 408 2656 exinanienda
422 2591 617 2656 irritabant.
669 2590 757 2675 Ejus
772 2610 857 2673 ergo
878 2592 1015 2656 concilii
1030 2592 1122 2657 actio

173 2688 250 2755 baec
267 2698 332 2757 est.

226 2791 334 2875 §422
352 2790 457 2857 Anno
471 2793 517 2857 ab
529 2792 768 2857 incarnatione
783 2793 926 2858 Domini
940 2793 1122 2857 millesimo
1135 2807 1225 2847 Latera

1134 2858 1217 2896 couucil
1227 2858 1258 2897 11.

172 2893 362 2957 centesimo
392 2893 606 2971 duodecimo,
639 2893 827 2957 indictione
864 2894 998 2976 quinta,
1029 2914 1121 2957 anno
1135 2908 1250 2998 ffssltfflp

171 2983 413 3074 ²pontificatus
428 2992 557 3057 domini
579 3013 679 3078 papae
698 2993 879 3057 Pascbalis
895 2995 1036 3057 secundi
1052 3002 1122 3058 ter·
1156 2985 1190 2998 ''
1252 2986 1256 2995 '

172 3092 369 3169 tiodecimo‚
385 3112 503 3157 mense
521 3093 664 3170 Martio,
678 3094 934 3176 quintodecimo
955 3092 1122 3158 kalendas

173 3189 320 3275 Aprilis,
345 3192 556 3257 celebratum
580 3202 634 3257 est
660 3193 843 3257 concilium
869 3192 992 3257 Romae
1017 3194 1121 3258 Late·

173 3292 269 3355 ranis
292 3294 329 3356 in
343 3286 505 3358 ⁸basilica
528 3292 827 3358 Constantiniana.
881 3293 925 3358 In
947 3313 1017 3376 qua
1043 3315 1121 3359 cum

172 3391 333 3457 domiuus
357 3412 450 3477 papa
473 3392 654 3457 Paschalis
682 3393 878 3470 resedisset,
908 3413 985 3457 cum
1010 3395 1121 3459 archi-

172 3493 358 3577 episcopis,
383 3499 419 3558 et
442 3494 625 3576 episcopis,
651 3500 687 3558 et
706 3491 951 3570 cardinalibus
972 3501 1007 3558 et
1024 3496 1122 3559 varia

171 3593 394 3657 multitudine
423 3593 624 3658 clericorum
653 3602 688 3658 et
716 3592 896 3670 laicorum,
922 3593 1046 3658 ultima
1068 3594 1123 3659 die

170 3689 433 3770 concilii,'facta
451 3712 567 3758 coram
585 3691 744 3757 omnibus
766 3692 980 3775 professione
1002 3694 1122 3758 catbo·

170 3790 248 3856 licae
263 3792 356 3871 fidei,
369 3813 413 3857 ne
427 3794 505 3876 quis
526 3793 570 3856 de
591 3792 659 3856 fide
683 3792 793 3874 ipsius
809 3793 994 3870 dubitaret,
1011 3794 1121 3857 dixit:

206 4076 398 4139 iymfflp]
415 4075 449 4127 A·
466 4076 540 4128 pc·
557 4077 637 4127 1).Εο
694 4046 901 4115 ’Pontificatu⁸.]
927 4051 961 4101 Δ.
986 4054 1015 4102 C.
1036 4051 1071 4100 D.
1094 4052 1124 4101 Ε.

169 4150 246 4210 c2.;
277 4148 489 4211 angolismensis,
519 4148 549 4198 s.
572 4147 635 4213 (var.
660 4122 733 4180 Mc
749 4121 854 4170 omitted
864 4122 891 4169 in
903 4120 932 4170 s.

166 4216 458 4282 r
696 4189 1126 4254 1

663 4331 751 4383 Great.

912 4404 933 4467 2
951 4420 976 4465 x
