3100 5050
161 479 319 560 1.1s.1v.]
393 493 506 542 ansrn
530 493 656 542 naemu
681 493 896 544 nucnonuu.
1050 477 1116 542 527

430 668 551 716 SERMO
575 668 715 717 URBANl
741 668 855 716 PAPAE.

218 777 236 861 §
259 777 336 842 347.
360 775 523 855 ‘Multass
538 773 699 864 (inquit,)
723 769 887 842 “fratres
913 775 1116 854 charissimi,
1130 799 1280 851 raparum.

165 879 356 942 hisdiebus
370 877 467 942 vobis
485 879 579 942 uicta
596 877 768 956 recolitis3
792 876 952 960 quadam
974 877 1010 941 in
1034 897 1117 963 con·
1130 853 1213 903 ...l

164 979 245 1044 cilio
260 985 380 1043 nostro
395 977 508 1062 jussa,
523 978 683 1062 quaedam
699 978 858 1042 inhibita.
897 976 1118 1043 Inconditum

166 1087 201 1144 et
234 1078 417 1143 confusum
446 1078 614 1143 scelerum
650 1078 756 1143 chaos
792 1078 957 1161 exigebat
986 1079 1118 1144 dierum

166 1179 355 1244 multorum
372 1179 596 1244 interstitium
609 1200 618 1260 ;
643 1185 809 1244 veternus
823 1180 965 1243 morbus
981 1179 1120 1244 volebat

167 1281 371 1345 cauterium.
406 1279 500 1344 Dum
514 1281 606 1356 enim
616 1279 813 1361 indulgenti
827 1279 909 1343 fune
926 1279 1118 1344 clementiae

166 1382 372 1445 dimittimus
389 1379 527 1458 lineam,
537 1380 649 1445 multa
664 1379 766 1444 modo
782 1380 999 1463 apostolatus
1009 1380 1119 1444 nostri

167 1481 312 1546 offendit
343 1479 491 1546 officium
524 1500 603 1564 quae
631 1480 846 1564 praecideret,
868 1482 965 1544 nulla
994 1481 1119 1564 quibus

167 1590 338 1665 parceret.
391 1580 460 1645 Sed
483 1581 588 1645 fuerit
612 1581 780 1645 hactenus
801 1581 963 1645 humanae
986 1581 1118 1662 fragili·

167 1683 251 1748 tatis
277 1679 370 1764 quod
401 1684 593 1765 peccastis3
626 1681 731 1766 quod,
756 1680 996 1746 illecebrarum
1019 1682 1118 1746 invo-

168 1783 275 1846 lueris
306 1782 423 1864 sopiti,
454 1782 632 1847 caelestem
662 1783 898 1864 exasperastis
925 1783 1118 1846 misericor-

171 1883 278 1960 diam,
323 1900 526 1964 suspensam
572 1881 852 1966 parvipendendo
892 1883 1118 1946 iracundiam.

172 1984 293 2048 Fuerit
312 1983 496 2047 mundanae
520 1983 731 2047 temulentiae
746 1982 1029 2065 quod„legitima
1051 2003 1120 2070 non

164 2091 336 2167 ,curantes
350 2084 581 2161 matrimonia,
597 2083 701 2147 alieni
719 2082 842 2147 cubilis
858 2103 928 2146 nou
948 2083 1121 2164 pensastis

162 2174 347 2268 ¹nJuriam.
400 2183 521 2248 Fuerit
543 2184 721 2248 aviditatis
743 2183 858 2246 nimiae
881 2183 973 2266 quod
996 2182 1121 2246 fratres

165 2279 319 2361 Vestras,
341 2283 403 2348 illo
425 2303 551 2367 magno
574 2291 610 2348 et
632 2284 752 2349 eodem
779 2284 891 2366 pretio
913 2290 1060 2366 emptos,
1082 2291 1122 2347 ut

169 2385 320 2467 quisque
342 2391 480 2467 poterat
496 2384 737 2466 illaqueantes
754 2385 1002 2449 contumeliose
1016 2401 1121 2467 pecu-

170 2485 238 2549 niis
260 2485 477 2551 emunxistis.
531 2485 636 2550 Nunc
660 2485 769 2563 vobis,
794 2485 886 2550 inter
907 2483 977 2551 ista
998 2503 1120 2568 pecca·

168 2593 284 2651 torum
307 2586 490 2669 naufragia
512 2587 722 2663 constitutis
743 2592 865 2669 portus
880 2585 1027 2669 placidae
1044 2586 1121 2670 qui·

169 2687 235 2750 etis
265 2688 432 2770 aperitur,
456 2688 523 2751 nisi
550 2688 741 2770 negligitis
796 2686 902 2750 Parvi
932 2688 1061 2751 laboris
1084 2688 1119 2749 in

168 2786 304 2851 Turcos
319 2787 523 2870 compendio
540 2788 748 2852 retribuetur
765 2787 859 2850 vobis
873 2794 1050 2869 perpetuae
1065 2806 1120 2850 sa·

169 2886 253 2953 lutis
279 2888 397 2952 statio.
451 2887 660 2970 Comparate
688 2906 781 2951 nunc
811 2887 948 2951 labores
974 2906 1063 2970 quos
1084 2888 1121 2950 in

169 2987 340 3051 scelerum
351 2989 517 3052 exercitio
532 2988 714 3066 habuistis,
726 2995 762 3052 et
775 3006 934 3069 eosquos
948 2988 985 3050 in
999 2988 1122 3051 itinere

170 3087 263 3171 quod
290 3088 455 3171 praecipio
477 3088 628 3153 habituri
653 3089 748 3153 estis
802 3087 927 3152 Plures
942 3087 998 3152 vel
1022 3088 1121 3152 adul-

171 3189 250 3252 terii
278 3189 334 3253 vel
356 3176 543 3254 homicidii
556 3188 735 3253 meditatio
766 3188 828 3253 dat
850 3189 991 3252 timores
1019 3188 1122 3275 (nihil

171 3290 262 3352 enim
280 3290 436 3353 timidius
452 3290 617 3372 nequitia,
640 3297 681 3354 ut
696 3291 747 3353 ait
762 3282 976 3374 ²Salomon),
995 3289 1122 3353 multos

171 3388 329 3470 labores3
358 3390 441 3474 quid
473 3392 564 3453 enim
592 3390 800 3455 laboriosius
832 3389 1028 3473 injustitia?
1063 3390 1123 3472 qui

171 3497 288 3555 autem
311 3491 467 3554 ambulat
489 3490 701 3573 simpliciter,
725 3490 880 3553 ambulat
901 3490 1122 3553 confidenter.

173 3588 312 3654 Horum
340 3592 510 3668 laborum,
541 3590 663 3654 horum
693 3590 867 3667 timorum,
899 3590 1015 3654 exitus
1048 3596 1124 3653 erat

172 3697 376 3774 peccatum3
400 3690 610 3774 stipendium
626 3698 740 3755 autem
758 3692 893 3772 peccati
910 3708 1015 3767 mors,
1031 3709 1124 3753 mors

173 3810 256 3856 vero
270 3797 490 3874 peccatorum
507 3792 665 3874 pessima.
718 3789 823 3854 Nu'nc
840 3810 863 3853 a
878 3791 977 3855 vobis
993 3809 1058 3874 par
1071 3790 1124 3853 la·

174 3893 238 3956 bor
257 3898 363 3975 atque
388 3900 501 3956 metus
525 3892 637 3975 pretio
660 3889 802 3955 meliore
818 3897 994 3974 petuntur.
1047 3889 1124 3955 Ho-

175 4012 250 4057 rum
278 3992 436 4057 laborum
461 3993 527 4056 erit
553 4010 660 4057 causa
687 3990 852 4069 charitas,
877 3998 929 4069 ut,
949 3997 1124 4075 praecepto

209 4240 217 4273 ¹
236 4243 361 4308 Fratres]
386 4242 420 4293 A.
441 4244 469 4297 S.
487 4246 516 4293 C.
537 4245 572 4294 D.
590 4244 639 4305 1..;
700 4240 856 4305 lautomas]
875 4243 903 4291 S.
912 4243 947 4292 D.
959 4244 1008 4304 E.;
1024 4258 1070 4305 per
1081 4244 1127 4294 Sa·

176 4314 279 4362 omitted
290 4316 317 4363 in
329 4315 361 4365 Ε.
664 4316 785 4363 lomonem
797 4313 932 4376 sapientia,
943 4314 974 4363 L.
