3100 5050
405 525 474 594 648
622 540 738 591 casua
760 541 888 591 aucun
913 540 1124 590 saoconna.
1223 523 1300 606 [ura
1316 537 1351 585 v.

248 719 400 772 immun
412 699 528 782 gratia
553 700 597 764 ad
616 700 683 765 hoc
705 697 932 764 omittendum
959 717 1019 764 cor
1033 698 1168 780 regium
1184 704 1255 762 tuac
1269 716 1363 780 prae-

245 773 375 814 admira

411 799 594 865 dicationis
621 799 789 864 imbribus
815 799 1003 863 molliatur.
1056 797 1235 862 Praeterea
1257 817 1365 881 super

341 930 347 936 ·
411 901 582 984 episcopis
598 901 658 983 qui
680 899 808 964 falsum
823 895 881 984 (ut
895 895 1005 982 nosti)
1022 917 1044 962 a
1066 899 1166 963 nobis
1187 917 1362 962 rumorem

308 1013 312 1019 '
411 1001 616 1078 retulerunt,
630 1020 691 1065 cor
704 1005 860 1063 nostrum
875 1005 1085 1063 commotam
1107 1005 1161 1063 est
1177 998 1363 1063 vehemen-

251 2567 326 2607 called.

250 2702 313 2741 verny
324 2693 388 2732 about

250 2742 388 2783 investitum

412 1101 495 1178 tius,
512 1100 595 1184 quia
608 1119 679 1165 non
692 1098 806 1163 solum
822 1117 887 1163 nos
899 1099 1077 1176 laeserunt,
1091 1097 1152 1162 sed
1172 1097 1363 1162 multorum

412 1200 621 1283 simplicium
635 1199 769 1262 animas
783 1198 1003 1281 deceperunt,
1014 1204 1050 1262 et
1064 1217 1180 1279 regem
1191 1197 1362 1262 adversus

413 1300 620 1364 charitatem
634 1298 727 1365 sedis
743 1298 945 1381 apostolicae
964 1298 1195 1380 impulerunt3
1218 1297 1364 1363 undeet

408 1401 562 1464 inultum
598 1418 718 1463 eorum
745 1398 930 1481 flagitium,
958 1399 1108 1462 Domino
1140 1405 1365 1480 cooperante,

413 1519 483 1565 non
497 1499 667 1583 patimur:
694 1498 755 1562 sed
770 1499 855 1581 quia
872 1499 934 1562 lilii
948 1497 1058 1563 nostri
1076 1498 1170 1580 regis
1193 1497 1365 1562 instantia

414 1620 478 1683 pro
494 1598 538 1663 iis
559 1618 623 1663 nos
640 1597 759 1681 pulsat
775 1599 957 1675 attentius,
979 1599 1083 1662 etiam
1101 1597 1186 1681 ipsis
1208 1616 1364 1664 commu·

414 1699 529 1765 uiouis
545 1706 616 1764 tuae
626 1697 847 1782 participium
862 1717 933 1762 uon
948 1697 1103 1779 negabis,
1137 1696 1230 1761 Saue
1245 1717 1364 1781 regem

415 1806 450 1863 et
471 1799 667 1884 conjugem,
692 1805 729 1862 et
754 1816 914 1880 proceres
937 1796 1016 1862 illos
1038 1796 1099 1880 qui
1123 1816 1200 1880 pro=
1213 1796 1280 1861 hoc
1303 1817 1364 1862 ne·

414 1899 512 1983 gotio
524 1919 603 1964 cum
618 1917 700 1981 rege
714 1916 758 1962 ex
774 1904 951 1980 praecepto
964 1904 1086 1962 nostro
1102 1896 1363 1976 laboraverunt,

415 2018 562 2083 quorum
582 1998 724 2063 nomina
745 2016 792 2061 ex
814 1996 1005 2080 supradicti
1021 1996 1188 2061 Willelmi
1213 2015 1363 2079 sugges-

415 2100 509 2164 tione
538 2116 739 2181 cognosces,
761 2096 869 2180 juxta
897 2096 1117 2179 sponsionem
1149 2103 1307 2160 nostram
1341 2117 1364 2162 a

414 2199 568 2282 peccatis
586 2205 622 2263 et
635 2196 849 2280 poenitentiis
867 2196 1038 2261 absolves.
1091 2195 1365 2279 Rotomagensis

413 2298 567 2382 episcopi
583 2316 722 2362 causam
746 2303 816 2360 tuae
839 2295 1079 2374 deliberationi
1100 2298 1362 2377 committimus,

413 2404 449 2464 et
466 2398 558 2482 quod
576 2397 608 2462 ei
623 2396 806 2461 indulseris
823 2389 1082 2478 ¹induigemus.’

319 2526 342 2557 m
464 2498 573 2583 5417.
597 2496 689 2563 Haec
708 2495 889 2561 Paschalis
911 2515 1063 2561 summus
1088 2515 1193 2579 papa,
1217 2517 1282 2581 pro
1306 2518 1361 2565 30.

250 2640 384 2681 mm„
413 2598 595 2663 elesiarnm
613 2598 683 2663 Dei
706 2598 878 2674 libertate,
906 2597 1076 2661 sollicitus
1098 2598 1236 2680 agebat.
1270 2599 1363 2684 ,Fu-

413 2706 514 2764 erunt
531 2705 647 2763 autem
667 2697 821 2780 episcopi
841 2716 930 2780 quos
952 2696 1122 2760 mendacii
1148 2698 1277 2779 arguit,
1295 2697 1362 2763 Gi-

249 2792 389 2836 Μή
411 2798 535 2862 rardus
558 2798 837 2880 archiepiscopus
854 2796 1093 2873 Eboracensis,
1115 2803 1151 2861 et
1164 2796 1363 2863 Herbertus

413 2897 671 2978 Norwiceusis;
694 2916 841 2981 quorum
858 2903 974 2961 errata
992 2896 1288 2978 reprehenderunt
1303 2919 1362 2963 ve-

412 2999 564 3063 raciores
601 2998 721 3081 legati,
757 2995 955 3061 Willelmus
994 3003 1117 3078 postea
1150 2996 1363 3063 Exouiensis

411 3098 606 3181 episcopus,
633 3104 670 3161 et
694 3096 916 3160 Baldewinus
947 3096 1131 3160 Beccensis
1156 3097 1360 3163 monachus.

411 3197 569 3280 Eratque
591 3203 675 3262 tunc
694 3194 881 3259 Anselmus
909 3195 1188 3279 archiepiscopus
1212 3190 1361 3262 ²iterum

305 3326 310 3331 ·
411 3303 567 3379 tempore
583 3297 685 3361 istius
707 3296 800 3377 regis
817 3296 980 3377 Lugduni
1001 3296 1095 3373 exui,
1121 3296 1214 3380 apud
1231 3296 1360 3381 Hugo·

410 3416 489 3460 nem
513 3396 668 3481 ejusdem
700 3396 854 3459 civitatis
884 3395 1192 3478 archiepiscopum,
1205 3399 1361 3480 'quando

409 3496 559 3579 epistola
578 3497 702 3578 prima,
716 3515 822 3578 quam
848 3495 1007 3578 apposui,
1024 3496 1150 3560 emissa
1176 3498 1251 3577 est;
1275 3500 1361 3581 quia

410 3615 473 3659 uec
497 3597 573 3678 ipse
599 3594 671 3659 ullo
692 3594 862 3658 desiderio
885 3594 1046 3660 veniendi
1071 3596 1266 3675 tenebatur,
1295 3618 1361 3663 nec

409 3715 472 3759 rex
500 3695 753 3759 animositatem
784 3714 883 3757 suam
914 3696 1104 3777 procopia
1131 3714 1361 3762 susurronum

335 3875 338 3881 4
408 3794 523 3860 sedari
548 3795 756 3879 patiebatur.
808 3794 880 3858 Diu
903 3801 1041 3875 ergoet
1066 3814 1230 3859 revocare
1247 3798 1360 3878 illum,

408 3903 444 3961 et
459 3895 708 3961 monitionibus
723 3894 923 3976 apostolicis
937 3894 1183 3974 obsecundare,
1199 3896 1359 3980 distulit3

445 4191 451 4221 ¹
464 4195 642 4258 indulgeam]
658 4195 707 4245 See
725 4194 777 4244 this
795 4194 869 4243 letter
893 4194 998 4243 Anselm
1009 4194 1060 4244 had
1071 4196 1135 4245 been
1148 4198 1258 4247 recalled
1269 4214 1303 4249 ou
1315 4202 1361 4252 the

405 4264 433 4315 iu
444 4264 563 4328 Eadmer,
573 4281 600 4327 p.
611 4269 653 4315 at.
893 4265 977 4326 king's
994 4267 1132 4327 accession,
1143 4267 1189 4315 but
1207 4268 1361 4323 afterwards

441 4330 555 4386 ’lteram
579 4370 585 4385 .
599 4369 626 4386 ..
649 4334 766 4398 Lugduni.
788 4334 868 4397 exat]
893 4335 991 4397 quitted
1002 4336 1044 4385 the
1056 4336 1177 4399 kingdom
1188 4339 1275 4401 again.
