3100 5050
427 528 493 592 490
644 536 759 585 cnsra
786 534 914 584 auouu
941 495 1154 584 lucrosum
1233 518 1320 601 [mn.
1335 533 1385 580 ιν.

430 696 577 780 hujusce
594 694 759 759 vocabuli
782 693 950 759 dedecore
967 688 1098 771 ¹aduri,
1112 694 1318 759 catervatim
1342 693 1387 757 ad

433 816 548 877 regem
575 794 767 871 confluunt,
798 801 835 857 et
858 794 1093 859 invincibilem
1117 795 1309 859 exercitum
1334 794 1387 858 la·

435 898 543 961 ciunt.
595 894 672 959 Nec
692 894 824 959 diutius
845 902 991 978 potuere
1015 896 1090 978 pati
1114 894 1280 978 oppidani
1303 896 1388 977 quin

436 1016 474 1061 se
498 994 694 1074 traderent3
718 995 854 1078 experti
877 996 1067 1078 quamlibet
1089 996 1252 1071 nobilem,
1269 1013 1391 1077 quam-

436 1098 522 1161 libet
551 1101 744 1159 consertam
778 1112 930 1173 manum,
958 1095 1045 1160 nihil
1076 1095 1243 1159 adversus
1273 1114 1390 1176 regem

439 1194 578 1278 Angliae
603 1214 707 1279 posse
728 1193 906 1276 proficere.
960 1195 1050 1272 Odo,
1077 1194 1229 1259 secundo
1253 1201 1391 1278 captus,

438 1303 607 1380 perpetuo
624 1293 788 1376 Angliam
814 1294 1001 1378 abjuravit.
1053 1295 1299 1359 Dunelmensis
1320 1296 1394 1379 epi-

440 1415 568 1479 scopus
597 1395 690 1459 ultro
719 1413 815 1458 mare
843 1395 1026 1475 transivit3
1063 1414 1166 1478 quem
1194 1415 1270 1471 rex,
1295 1414 1394 1459 vere·

441 1495 568 1560 cundia
589 1494 776 1577 praeteritae
794 1495 968 1572 amicitiae,
984 1495 1178 1559 indemnem
1194 1514 1319 1578 passus
1342 1502 1396 1559 est

442 1595 605 1677 effugere.
659 1592 788 1658 Caeteri
801 1613 920 1659 omnes
930 1596 967 1658 in
984 1595 1086 1659 fidem
1101 1595 1243 1677 recepti.
1297 1594 1396 1659 Inter

444 1696 507 1758 has
525 1694 712 1759 obsidionis
732 1713 860 1772 moras,
879 1694 1036 1778 homines
1051 1695 1144 1776 regis
1167 1712 1263 1759 mare
1279 1702 1397 1758 custo·
1440 1684 1444 1689 ’

446 1794 592 1871 dientes,
629 1794 800 1876 quosdam
833 1814 921 1877 quos
950 1814 1066 1860 comes
1102 1793 1329 1858 Normanniae
1361 1796 1396 1858 in

448 1894 617 1957 auxilium
636 1892 846 1975 perfidorum
869 1895 1022 1972 miserat,
1045 1894 1173 1979 partim
1193 1894 1300 1971 caede,
1320 1915 1398 1977 par·

447 1993 510 2057 tim
535 1992 716 2075 naufragio
743 2012 966 2077 oppressere:
994 1994 1119 2077 reliqui
1142 1994 1260 2076 fugam
1284 1995 1398 2059 inten-

449 2092 570 2157 dentes
605 2101 641 2157 et
673 2094 882 2175 suspendere
912 2096 1057 2159 carbasa
1087 2095 1216 2171 conati,
1247 2115 1399 2177 moxque

448 2200 555 2258 vento
567 2200 725 2257 cessante
739 2193 910 2271 destituti,
923 2193 1071 2258 ludibrio
1085 2193 1226 2271 nostris,
1241 2195 1308 2258 sibi
1325 2196 1399 2259 exi·

449 2294 500 2358 tio
513 2293 628 2373 fuere;
645 2311 737 2368 nam,
752 2286 810 2355 ²ne
827 2293 898 2357 vivi
917 2302 1134 2379 caperentur,
1149 2314 1169 2357 e
1184 2296 1348 2359 transtris
1362 2315 1400 2359 se

449 2394 485 2456 in
501 2412 596 2457 mare
612 2393 886 2476 praecipitarunt.

500 2585 548 2632 DE
571 2585 661 2633 Pacu
684 2586 796 2634 INTER
819 2586 1047 2635 WILLBLMUM
1072 2587 1117 2634 m*
1139 2586 1351 2636 ROBER'I'UM.

290 2709 417 2751 contentum
503 2693 521 2778 §
546 2693 623 2758 307.
650 2692 798 2758 Postero
820 2713 925 2771 anno,
941 2701 982 2757 nt
997 2693 1096 2758 dolor
1116 2713 1253 2777 semper
1273 2685 1403 2759 retrac·

291 2763 333 2802 and
342 2765 410 2808 treaty

292 2813 344 2851 wan
355 2811 440 2856 robert,
452 2795 585 2858 tatione
602 2795 742 2872 acescit,
757 2813 885 2876 magno
907 2794 1074 2858 scrutinio
1091 2814 1154 2857 rex
1170 2812 1275 2877 agere
1296 2797 1405 2878 coepit

293 2863 348 2902 ab.
360 2862 415 2901 1000.

453 2914 523 2977 quo
547 2893 649 2958 modo
671 2893 818 2978 injurias
837 2913 919 2957 suas
941 2894 1051 2957 ultum
1078 2895 1156 2970 iret,
1181 2902 1217 2958 et
1238 2895 1403 2960 vicariam

454 2995 554 3058 fratri
593 2994 837 3058 contumeliam
870 2993 1022 3058 referret.
1076 2993 1203 3076 Itaque
1234 2987 1403 3059 ³castrum

456 3095 569 3158 sancti
587 3094 765 3170 Walerioi,
788 3100 824 3157 et
844 3101 982 3174 portum
997 3093 1160 3172 vicinum,
1182 3100 1218 3158 et
1240 3095 1404 3178 oppidum

455 3193 549 3276 quod
566 3190 769 3257 Albamarla
784 3201 941 3270 vocatur,
958 3194 1114 3258 sollertia
1128 3213 1193 3258 sua
1208 3196 1407 3276 acquisivit,

455 3294 603 3376 pecunia
623 3292 784 3356 custodes
806 3312 1039 3376 corrumpens.
1092 3293 1247 3358 Necsuit
1269 3296 1406 3359 animus

457 3393 575 3456 comiti
588 3398 627 3455 ut
642 3393 837 3471 resisteret3
855 3393 914 3456 sed
931 3394 1068 3457 domino
1082 3412 1146 3458 suo
1160 3395 1235 3475 regi
1248 3394 1408 3459 Franciae

456 3512 518 3574 per
533 3491 678 3556 nuncios
685 3492 887 3556 violentiam
903 3493 1021 3557 fratris
1038 3495 1213 3576 exposuit,
1228 3497 1408 3577 suppetias

457 3611 571 3656 orans.
635 3591 682 3655 Et
711 3592 770 3655 ille
802 3593 939 3674 quidem
965 3593 1069 3670 iners,
1102 3601 1139 3657 et
1170 3594 1409 3676 quotidianam

457 3693 631 3775 crapulam
652 3701 805 3768 ructans,
820 3693 863 3756 ad
877 3692 1006 3756 bellum
1032 3694 1238 3774 singultiens
1252 3695 1409 3776 ingluvie

456 3793 617 3857 veniebat
632 3811 640 3856 :
662 3790 721 3855 sed
737 3799 961 3856 occurrerunt
974 3811 1101 3875 magna
1115 3793 1292 3875 pollicenti
1307 3815 1408 3860 num·

458 3894 504 3956 mi
535 3892 627 3974 regis
660 3889 827 3972 Angliae3
860 3893 985 3975 quibus
1016 3893 1197 3970 infractus
1230 3894 1409 3976 cingulum

494 4190 618 4256 'Aduri.]
636 4191 669 4241 A.
682 4191 710 4240 S.
724 4191 758 4240 D.
771 4191 804 4240 E.
816 4192 921 4252 L.;no·
979 4215 1130 4266 ‚cm
1157 4217 1236 4268 mh·
1265 4218 1410 4288 mmm

457 4264 576 4396 mpla]
590 4331 622 4382 A·
632 4331 660 4381 S·
668 4333 702 4381 D.
714 4333 744 4382 E·
753 4333 784 4384 L·
795 4349 803 4392 ὃ
814 4347 880 4396 Μ,
890 4334 919 4382 ο.
944 4289 992 4339 See
1003 4288 1064 4338 Sex.
1077 4289 1168 4391 Chron.
1180 4289 1251 4339 ΑΔ).
1265 4293 1338 4340 1000.
