3100 5050
378 511 444 578 682
593 529 704 582 cusas
730 529 857 576 rncuu
882 529 1095 578 aucuonuu.
1189 515 1277 596 [urs.
1296 531 1330 576 v.

379 706 456 750 rum
487 687 649 768 gratiam,
680 705 702 749 a
729 685 874 750 Francis
908 684 1152 766 generositatis
1180 685 1331 750 eminen-

380 788 476 851 tiam.¹
529 786 584 850 De
613 786 746 851 militiae
773 806 876 868 porro
904 793 1030 850 vestrae
1058 784 1231 850 industria
1253 786 1331 868 quis

380 886 529 962 haesitet,
546 905 626 952 cum
646 905 723 950 eam
740 885 1053 950 excellentissimus
1068 893 1169 968 pater
1181 885 1217 948 in
1233 886 1331 949 vobis

380 986 573 1068 suspiciatl
643 986 731 1050 Cum
763 987 855 1050 enim
891 986 999 1069 aliqui
1030 993 1146 1050 motus
1173 985 1211 1048 iu
1238 985 1331 1050 Nor·

380 1087 521 1150 mannia
549 1087 770 1163 nunciantur,
803 1105 866 1151 vos
898 1085 1092 1168 praemittit,
1129 1093 1170 1150 ut
1202 1085 1331 1150 virtute

383 1194 500 1251 vestra
516 1185 754 1268 profligentur,
779 1193 943 1270 suspecta
965 1186 1158 1269 sagacitate
1180 1185 1330 1250 redinte-

381 1293 501 1368 gretur
515 1287 721 1352 concordia:
749 1305 829 1350 cum
851 1285 941 1350 redit
962 1287 999 1350 iu
1020 1305 1177 1368 reguum,
1191 1305 1255 1350 vos
1277 1305 1331 1349 re-

382 1387 488 1463 ducit,
503 1398 542 1450 ut
557 1386 634 1449 sitis
657 1388 689 1450 ei
704 1385 789 1452 foris
807 1386 939 1464 tutelae,
955 1387 1048 1451 dorni
1067 1386 1212 1463 laetitiae,
1230 1405 1331 1450 orna·

382 1493 499 1552 mento
512 1487 651 1569 ubique.

434 1585 539 1670 §442
565 1586 701 1651 Idteras
722 1586 775 1650 ita
791 1586 929 1664 fovetis,
952 1594 992 1651 ut
1014 1606 1091 1651 cum
1116 1587 1193 1651 sitis
1216 1594 1331 1651 tanta-

382 1706 458 1749 rum
486 1685 751 1768 occupationum
783 1686 873 1751 mole
899 1686 1059 1764 districti,
1088 1686 1192 1750 horas
1214 1693 1332 1750 tanmn

383 1786 518 1869 aliquas
541 1787 639 1850 vohis
662 1785 869 1869 surripiatis,
887 1788 1012 1868 quihus
1037 1777 1098 1850 adt
1114 1787 1181 1868 ipsi
1203 1786 1332 1868 legere,

384 1893 445 1949 aut
462 1886 617 1967 legentes
631 1885 772 1968 possitis
793 1885 924 1950 andire.
977 1886 1096 1968 Digne
1117 1886 1237 1969 itaque
1260 1905 1332 1949 mo-

384 1986 559 2050 deramine
591 1985 741 2050 fortunae
765 1992 893 2050 vestrae
922 1985 1160 2051 celsitudinem
1192 2005 1332 2068 compo-

385 2086 479 2161 nitis,
496 2084 577 2149 dum
606 2105 669 2149 nec
695 2085 853 2150 militiam
877 2093 1018 2168 propter
1043 2087 1163 2150 literas
1187 2093 1331 2168 postpo-

384 2185 478 2262 nitis,
506 2205 570 2249 nec
600 2185 719 2250 literas
749 2193 891 2268 propter
919 2186 1089 2264 militium,
1116 2194 1156 2250 ut
1178 2185 1332 2268 quidum,

385 2284 597 2368 conspuitis:
619 2285 657 2347 in
673 2304 742 2368 quo
755 2286 861 2349 etiam
877 2286 1031 2350 scientiae
1046 2293 1173 2351 vestrae
1184 2286 1332 2368 patescit

384 2385 599 2461 miraculum,
615 2385 710 2468 quia,
725 2384 808 2450 dnm
820 2385 927 2450 libros
944 2385 1101 2468 diligitis,
1118 2385 1210 2450 datis
1227 2379 1331 2449 lindi·

385 2486 477 2549 cium
492 2502 596 2569 quam
612 2485 723 2551 avidis
746 2483 905 2551 medullis
921 2486 1049 2551 sontem
1066 2505 1183 2551 eorum
1203 2486 1332 2552 combi-

384 2586 525 2663 beritis;
545 2579 682 2651 ²multae
698 2586 868 2670 siquidem
890 2606 957 2665 res,
973 2587 1077 2651 etiam
1093 2606 1171 2650 cum
1186 2607 1256 2651 non
1270 2587 1331 2651 ha-

384 2687 522 2762 bentur,
534 2685 786 2762 desiderantur,
801 2686 1053 2770 philosophiam
1067 2686 1184 2751 nullus
1202 2687 1333 2751 amabit

386 2786 536 2867 quicum
552 2793 708 2853 extrema
722 2786 884 2852 satietate
900 2807 970 2851 non
986 2787 1150 2851 hauserit.

437 2886 455 2969 §
479 2884 556 2949 448.
580 2885 603 2949 J
606 2888 737 2950 ustitiae
765 2894 892 2951 vestrae
920 2886 1014 2953 famu
1041 2887 1199 2968 regiones
1227 2886 1332 2950 etiam

385 2992 523 3049 nostras
548 2985 687 3067 attigit3
710 3004 733 3049 a
753 2987 852 3050 vobis
880 2988 1047 3069 siquidem
1072 3006 1217 3069 pravum
1237 2986 1333 3070 judi-

385 3087 477 3150 cium
503 3104 680 3168 nunquam
706 3086 854 3151 extorsit
879 3087 933 3151 vel
956 3106 1113 3170 personae
1138 3087 1333 3151 sublimitas

385 3186 441 3249 vel
469 3184 618 3250 fortunae
652 3185 813 3250 tenuitas.
868 3186 966 3250 Nihil
993 3188 1121 3270 reperit
1147 3187 1184 3250 in
1215 3193 1333 3250 vestro

385 3291 525 3367 pectore
539 3284 631 3367 quod
647 3284 719 3348 suis
736 3285 909 3351 conducat
925 3288 1058 3352 artibus
1079 3287 1140 3369 qui
1157 3286 1332 3371 justitiam

385 3383 594 3449 labefactare
619 3391 776 3462 conatur,
801 3405 862 3449 sen
885 3387 1058 3452 oblatione
1082 3387 1246 3464 muneris,
1271 3406 1333 3450 seu

386 3484 608 3549 delinimento
622 3484 763 3549 favoris.

361 3610 377 3634 ·
437 3584 547 3667 §lca
570 3578 833 3649 ³Muuificentiae
853 3592 978 3649 vestrae
1003 3587 1227 3668 pecuniaeque
1249 3605 1332 3650 cou-

385 3691 554 3767 tcmptum
577 3684 761 3765 praetendit
775 3684 1028 3749 Teochesbiriae
1051 3686 1266 3765 coenobium
1290 3684 1332 3748 de

383 3804 452 3867 quo
474 3782 532 3869 (ut
553 3779 674 3866 audio)
689 3804 756 3848 non
781 3785 892 3849 solum
917 3786 1022 3849 xenia
1045 3806 1114 3850 non
1138 3786 1332 3861 corroditis,

416 4113 844 4179 ¹naaum.]n.c.n;u.ca.;
905 4101 1331 4215 aM„„s,·,„„„„„-uoua,]n.s.

374 4186 552 4248 jannuus.
871 4217 1334 4267 o.u.ua.c2.-unewn0100r

377 4253 544 4387 mlqggrlgff']
567 4256 600 4304 Α
620 4259 649 4304 C'
668 4255 702 4305 Β·
722 4258 752 4305 Ε·
769 4257 842 4315 L2.;
868 4288 918 4337 this
930 4288 1057 4337 sectionis
1069 4288 1172 4337 omitted
1184 4288 1210 4336 iu
1222 4289 1247 4336 E
1255 4292 1278 4336 1.
