3100 5050
195 518 265 565 uin.
283 498 355 581 1113]
429 514 543 563 cussa
566 513 693 561 nucuu
717 513 932 561 nncnonuu.
1083 499 1149 563 475

193 672 334 737 hancas
349 672 624 738 Doroberuensis
638 672 918 755 archiepiscopus
935 690 1040 755 super
1056 672 1147 737 Ebo-

194 792 373 839 racensem
407 774 588 837 ecclesiam
613 773 694 856 jure
725 792 799 836 suae
827 772 982 835 ecclesiae
1011 774 1147 854 procla·

193 874 335 953 mabat3
359 880 395 937 et
416 873 459 937 de
479 873 752 936 ordinationibus
774 872 991 954 quorundam
1013 874 1146 954 episco-

159 984 162 989 “
193 993 330 1056 porum,
346 973 388 1038 de
404 973 528 1055 quibus
543 972 588 1037 ad
602 992 706 1055 quem
721 972 919 1055 specialiter
933 972 1147 1054 pertinerent

193 1080 328 1137 certum
346 1073 485 1137 minime
511 1074 715 1137 constabat:
739 1079 776 1136 et
796 1071 937 1135 tandem
961 1072 1147 1153 aliquando

194 1172 341 1237 diversis
366 1173 582 1237 diversarum
610 1173 858 1255 scripturarum
881 1173 1147 1237 auctoritatibus

194 1273 379 1355 probatum
404 1279 507 1354 atque
530 1279 707 1336 ostensum
728 1271 894 1354 estquod
918 1271 1146 1335 Eboracensis

194 1372 342 1436 ecclesia
367 1371 610 1461 cantuariensi
636 1372 761 1435 debeat
782 1371 974 1454 subjacere,
1001 1371 1146 1455 ejusque

193 1472 456 1555 archiepiscopi,
479 1480 519 1537 ut
539 1472 696 1554 primatis
720 1472 830 1535 totius
846 1471 1053 1549 Britanniae,
1076 1471 1145 1534 dis·

192 1572 434 1654 positionibus,
457 1572 494 1634 in
518 1571 562 1635 iis
587 1591 666 1655 quae
688 1571 731 1635 ad
755 1570 989 1636 Christianam
1007 1571 1146 1653 religio·

193 1692 272 1737 nem
304 1673 490 1755 pertinent,
519 1672 557 1735 in
591 1672 750 1735 omnibus
784 1670 935 1736 obedire.
1001 1670 1145 1753 Subjec·

192 1773 324 1836 tionem
354 1791 438 1837 vero
466 1771 723 1847 Dunelmensis,
760 1770 826 1834 hoc
855 1777 921 1847 est,
951 1770 1144 1834 Lindisfar-

192 1873 311 1935 nensis
332 1865 497 1954 episcopi,
522 1878 627 1953 atque
648 1871 802 1934 omnium
824 1871 1003 1952 regionum
1031 1889 1053 1934 a
1075 1877 1145 1934 ter·

192 1973 297 2036 minis
316 1971 554 2035 licifeldensis
571 1971 749 2053 episcopii,
764 1978 799 2035 et
817 1960 1001 2033 Humbriae
1026 1972 1143 2052 magui

192 2072 304 2149 fluvii,
325 2092 435 2154 usque
461 2071 505 2135 ad
527 2078 701 2135 extremos
725 2069 851 2134 Scotiae
875 2070 1032 2147 fineset
1049 2072 1146 2153 quic·

192 2172 277 2256 quid
293 2192 339 2235 ex
352 2172 418 2236 hac
431 2178 530 2255 parte
546 2171 704 2254 praedicti
716 2170 867 2233 fluminis
884 2170 928 2232 ad
945 2169 1146 2252 parochiam

191 2272 422 2336 Eboracensis
459 2271 613 2335 ecclesiae
644 2271 725 2354 jure
753 2270 930 2351 competit,
960 2269 1145 2333 Cantuari·

192 2372 286 2435 ensis
317 2372 604 2454 metropolitanus
639 2370 849 2434 Eboracensi
885 2370 1145 2452 archiepiscopo
1216 2378 1219 2382 '

191 2472 337 2557 ejusque
352 2471 608 2537 successoribus
622 2471 780 2535 obtinere
795 2470 978 2534 concessit.
1031 2469 1090 2535 Ita
1106 2477 1146 2535 ut

191 2575 222 2638 si
237 2572 499 2638 Cantuariensis
522 2571 802 2654 archiepiscopus
825 2570 1008 2634 concilium
1022 2589 1146 2652 cogere

194 2673 355 2750 voluerit,
379 2673 575 2754 ubicunque
590 2671 703 2736 visum
727 2671 758 2734 ei
777 2669 893 2747 suerit,
917 2669 1146 2734 Eboracensis

191 2773 472 2855 archiepiscopus
494 2773 549 2836 sui
571 2771 793 2854 praesentiam
806 2789 885 2834 cum
898 2770 1058 2834 omnibus
1079 2771 1146 2834 sibi

190 2873 359 2958 subjectis
382 2872 426 2935 ad
449 2878 572 2935 nutum
593 2871 670 2954 ejus
693 2871 867 2947 exhibeat,
884 2877 920 2934 et
942 2868 1018 2953 ejus
1041 2889 1145 2936 cano-

191 2974 280 3038 nicis
317 2971 601 3055 dispositionibus
637 2970 801 3034 obediens
833 2971 975 3034 existat.
1041 2968 1146 3048 Quod

191 3081 311 3138 autem
340 3070 570 3136 Eboracensis
600 3071 876 3153 archiepiscopus
898 3068 1146 3153 professionem

194 3172 441 3238 Cantuariensi
478 3171 735 3253 archiepiscopo
766 3163 887 3234 ¹etiam
920 3189 999 3234 cum
1031 3189 1145 3234 sacra-

191 3279 311 3337 mento
336 3271 449 3337 facere
473 3271 609 3347 debeat,
632 3270 848 3334 Lanfrancus
870 3270 1146 3334 Dorobernensis

191 3563 217 3608 et
238 3557 377 3618 disciplina
406 3556 535 3617 subjectis.
583 3556 657 3605 Post·
680 3571 730 3618 quo
742 3560 799 3604 tuta
810 3555 879 3603 tieret
889 3553 955 3600 iuter
965 3550 1091 3611 improbos
1108 3550 1147 3598 in-

192 3643 270 3691 quam
288 3627 355 3676 enim
377 3626 411 3676 ad
430 3627 532 3688 singula
548 3641 656 3687 quaeque
680 3627 805 3675 nocentia.
841 3624 876 3672 Et
897 3636 962 3683 quos
984 3622 1041 3681 ipse
1062 3620 1146 3679 probi·

190 3713 274 3760 sagax
296 3697 425 3746 hominum
450 3697 592 3757 penetravit
620 3698 657 3744 in·
680 3697 740 3744 tatis
768 3695 924 3743 hortamenta
948 3705 997 3740 non
1024 3690 1145 3751 excitant,

193 3769 284 3830 tentio,
306 3771 332 3816 et
353 3767 431 3816 nichil
454 3767 487 3815 ad
515 3768 658 3828 pecuniam,
681 3766 770 3816 saltem
798 3764 977 3825 conquiescant
1005 3760 1039 3807 ad
1060 3773 1145 3819 poena

190 3839 276 3888 visum
298 3841 338 3886 cst
358 3837 552 3899 incommodum,
579 3838 658 3885 crevit
681 3835 847 3884 formidinem.
884 3829 1146 3893 Lex,alieneturalie,

192 3909 334 3971 opulentia,
345 3908 424 3956 crevit
434 3907 539 3966 invidia,
550 3921 583 3955 ex
593 3907 657 3954 invi-
682 3919 739 3966 quae
768 3905 837 3964 apud
865 3917 951 3951 omnes
977 3899 1066 3948 eadem
1090 3903 1145 3957 est3

193 3979 238 4027 dia
248 3979 347 4038 odium,
357 3991 390 4026 ex
401 3977 459 4026 odio
477 3977 581 4037 bellum,
592 3975 656 4024 nulli
681 3977 734 4023 alia
750 3973 950 4033 consuetudinis,
961 3972 987 4018 in
998 3982 1050 4029 qua
1068 3967 1146 4016 habet

191 4049 264 4111 fides,
271 4048 338 4096 nulli
347 4047 442 4108 profuit
452 4047 618 4106 eleemosyna.
630 4046 658 4093 si
681 4057 835 4105 unaquaque
855 4043 939 4104 patria
956 4053 1030 4088 suum
1046 4037 1145 4098 aliquid

193 4133 245 4181 qua
263 4123 348 4166 tamen
369 4116 462 4165 nativae
484 4116 603 4164 bonitatis
620 4129 658 4163 re·
681 4114 830 4176 proprium!

192 4191 338 4237 manserant
363 4187 524 4246 monimenta,
551 4199 657 4234 sanxere
748 4231 753 4242 ,

193 4258 263 4320 leges
291 4263 317 4306 et
343 4256 445 4306 vivendi
470 4257 539 4317 jura,
567 4256 659 4322 consti·
719 4250 883 4302 'Etiamcum
893 4246 1060 4308 sacramenta]
1076 4247 1144 4297 As.

194 4332 295 4377 tueruut
306 4329 382 4378 urbes
393 4331 419 4376 et
430 4326 480 4375 lida
497 4325 659 4388 receptacula
685 4326 714 4374 C.
728 4325 762 4373 D.
774 4325 800 4372 Ε
808 4327 833 4371 2.
844 4322 893 4381 L.;
909 4319 1013 4368 omitted
1024 4319 1051 4366 in
1063 4320 1116 4368 El.
