3100 5050
177 498 318 582 crau]
402 518 516 568 casua
541 519 671 570 arcun
695 521 914 571 saoconna.
1065 509 1131 576 623

181 683 297 741 tractu
329 677 510 760 regionum
535 678 684 760 diffusa3
716 679 834 761 itaque
859 678 918 743 diu
944 678 1131 746 seditiones

181 775 369 841 intestinas
391 779 499 861 probe
522 778 661 856 tolerat,
678 786 714 843 et
739 798 826 862 pace
851 779 985 844 reddita
1006 780 1043 844 in
1064 780 1130 846 soc·

180 876 381 941 cundiorem
406 885 537 942 statum
568 886 704 943 mature
738 880 901 961 resurgit,
932 882 1130 946 turbatores

180 993 264 1040 suos
277 977 371 1042 illius
384 977 574 1061 provinciae
587 977 715 1043 diffisos
729 998 809 1043 cum
819 979 960 1045 libuerit
970 980 1007 1044 in
1020 979 1130 1046 Fran-

179 1077 273 1140 ciam
298 1077 416 1142 liberis
439 1078 652 1144 anfractibus
681 1080 852 1143 emittens.
905 1078 1038 1144 Contra
1054 1078 1129 1144 An·

182 1175 256 1258 glia
272 1197 337 1241 nec
350 1177 411 1241 diu
432 1178 576 1243 infestos
591 1179 736 1261 patitur,
757 1177 819 1242 sed
839 1179 945 1243 semel
968 1180 1062 1245 intra
1083 1181 1130 1244 si-

180 1295 266 1339 num
279 1295 383 1342 suum
395 1285 555 1361 receptos
569 1279 625 1342 vel
639 1278 746 1356 dedit,
759 1279 817 1343 vel
832 1279 1029 1361 exdnguit3
1052 1300 1128 1359 nec,

180 1376 406 1459 populatibus
421 1379 555 1456 attrita,
572 1379 766 1443 redivivnm
781 1379 850 1444 cito
865 1386 971 1462 caput
985 1379 1128 1446 attollit.

183 1474 357 1554 Quocirca
379 1477 630 1542 Normanniam
651 1478 907 1543 Belesmitanus
922 1479 1077 1556 ueniens,
1093 1487 1128 1545 et

179 1582 264 1640 tunc
287 1583 325 1640 et
350 1577 511 1660 deinceps
538 1578 660 1642 babuit
683 1577 912 1660 malignitatis
935 1597 1009 1642 suae
1034 1599 1127 1644 com·

180 1675 301 1757 plices,
327 1684 363 1741 et
386 1674 449 1763 (ne
473 1697 596 1761 parum
620 1675 812 1763 videretur)
833 1677 954 1742 illices.
1007 1677 1051 1742 In
1073 1679 1128 1744 bis

180 1784 257 1841 erat
270 1776 466 1842 Willelmus
491 1797 608 1842 comes
636 1776 825 1856 Moretolii‚
849 1778 941 1842 filius
968 1777 1126 1858 Roberti,

144 1915 147 1922 f
180 1876 275 1959 regis
289 1878 418 1959 patrui.
469 1877 508 1942 Is
531 1897 704 1960 sempera
721 1898 830 1960 puero
846 1876 992 1942 Henrici
1006 1879 1127 1961 gloriae

179 1976 333 2054 invidus,
347 1984 422 2041 tum
438 1977 589 2042 maxime
605 1978 642 2041 in
667 1978 819 2043 adventu
836 1976 1031 2042 Normanni
1046 1998 1127 2061 pra·

179 2095 262 2140 vum
287 2077 440 2141 animum
460 2078 708 2142 extulitz'non
730 2079 822 2141 enim
837 2084 1022 2142 contentus
1041 2077 1127 2143 dno·

178 2176 246 2239 bus
262 2177 494 2255 comitatibus,
505 2176 683 2242 Moretolii
696 2177 734 2240 in
748 2177 977 2254 Normannia,
992 2175 1127 2242 Cornu·

179 2276 298 2358 galliae
319 2277 354 2341 in
370 2274 513 2359 Anglia,
532 2277 736 2342 comitatum
753 2275 901 2354 Cantica,
923 2296 1026 2359 quem
1049 2277 1128 2341 Odo

178 2384 325 2458 patruus
350 2376 531 2455 babuerat,
556 2397 579 2460 a
604 2396 687 2459 rege
709 2377 892 2458 exigebat3
924 2376 1070 2442 infestus
1092 2386 1128 2443 et

177 2475 357 2560 improbus
372 2476 471 2555 adeo,
488 2485 527 2543 ut
543 2477 663 2541 infami
677 2477 878 2560 arrogantia
893 2495 932 2541 so
947 2476 1128 2544 devotaret

177 2596 249 2641 non
264 2577 466 2642 induturum
476 2577 692 2661 chlamydem
706 2578 775 2641 nisi
799 2597 820 2641 a
841 2585 967 2660 patruo
982 2575 1040 2664 (ut
1054 2579 1127 2643 dic-

177 2673 323 2761 titabat)
339 2678 405 2741 sibi
427 2678 579 2743 refusam
594 2684 863 2761 consequeretur
877 2678 1125 2743 haereditatem.

178 2777 246 2841 Sed
273 2783 355 2841 tunc
380 2777 531 2860 quidem,
555 2778 717 2861 suspensi
741 2777 932 2842 calliditate
957 2779 1126 2861 responsi,

178 2877 367 2941 fruebatus
381 2884 435 2942 est
449 2897 513 2941 rex
528 2877 817 2960 prudentissimus
839 2877 1032 2942 bominem:
1056 2878 1126 2942 dis·

176 2977 289 3041 cussis
303 2996 387 3041 vero
409 2978 616 3055 turbinibus,
632 2972 841 3059 ³serenoque
861 2978 958 3060 pacis
979 2977 1126 3057 reddito,

175 3097 245 3141 non
263 3077 376 3141 solum
390 3098 470 3160 quae
493 3079 634 3160 petebat
656 3096 726 3141 non
749 3077 884 3155 annuit,
898 3078 1126 3142 verumetiam

175 3177 329 3242 indebite
353 3184 489 3241 retenta
509 3184 666 3261 repetere
684 3178 814 3259 ooepit;
838 3176 992 3242 modeste
1008 3184 1125 3242 tamen

175 3284 211 3341 et
222 3277 383 3361 judiciali
393 3278 534 3360 placito,
547 3285 587 3341 ut
601 3277 686 3341 nibil
701 3276 794 3360 quod
807 3276 938 3342 faceret
952 3277 1126 3343 videretur
1183 3349 1193 3363 ‚

174 3377 346 3441 resultare
357 3377 430 3460 juri
447 3385 483 3441 et
498 3378 678 3453 calcitrare
693 3378 746 3456 ab
761 3395 873 3457 aequo.
925 3377 1024 3441 Tunc
1042 3397 1125 3442 vero
1138 3396 1192 3437 an.
1203 3398 1259 3438 1104.

173 3477 386 3554 Willelmus,
412 3478 586 3541 sententia
594 3476 717 3560 judicii
733 3483 941 3558 expunctus,
963 3476 1124 3559 indigna-

173 3577 312 3640 bundus
329 3583 364 3640 et
376 3576 526 3654 fremens
537 3576 790 3641 Normanniam
805 3575 912 3641 abiit:
927 3576 988 3654 ibi,
998 3584 1125 3660 practer

173 3676 329 3741 assultus
355 3696 444 3759 quos
468 3676 573 3759 regiis
601 3676 754 3740 castellis
779 3675 897 3739 irritus
921 3675 1062 3754 fecerat,
1087 3677 1124 3739 in

173 3775 366 3841 Ricardum
379 3796 519 3860 quoque
535 3777 695 3841 comitem
713 3775 944 3853 cestrensem,
960 3774 1124 3857 Hugonis

173 3876 296 3953 filium,
322 3876 567 3955 debacchatus,
592 3875 759 3940 nonnulla
780 3875 937 3957 partibus
963 3875 1039 3958 ejus
1062 3894 1124 3957 ap-

172 3976 333 4058 pendicia
347 3976 489 4053 invasit,
507 3977 648 4060 carpsit,
664 3975 807 4038 abrasit.
859 3975 945 4038 Erat
963 3974 1022 4038 ille
1039 3981 1123 4038 tunc

172 4095 236 4158 pro
259 4081 365 4140 aetate
389 4076 568 4158 parvulus,
582 4083 617 4141 et
639 4075 732 4158 regis
755 4074 835 4137 fidei
857 4073 1044 4157 tutelaeque
1067 4093 1124 4139 ac·

173 4175 423 4240 commodatus.

201 4326 208 4357 ¹
218 4330 353 4393 ducamur
361 4328 430 4393 pacit
440 4328 557 4392 reddita]
570 4329 600 4377 C.
610 4328 645 4377 D.
655 4327 688 4376 Ε.
697 4326 745 4388 L.;
760 4339 899 4388 serenaque
906 4339 969 4387 pace
977 4323 1085 4387 reddita,
1094 4325 1124 4374 S.
