3100 5050
175 499 334 580 mauu]
408 515 521 566 ausus
544 517 672 566 naouu
696 519 912 568 huononuu.
1063 504 1130 569 479

177 670 363 736 Perierunt
377 679 492 736 autem
502 673 709 757 Jamdudum
723 674 945 757 episcopatus
963 672 1129 757 Ripensis

175 778 211 834 et
220 770 542 854 Haugnstaldensis
549 773 584 837 vi
594 773 797 838 hostilitatis
808 794 818 853 3
831 781 867 837 et
877 773 1128 855 Legacestren·

176 870 237 948 sis,
252 879 289 935 et
304 872 598 936 sidnacestrensis
614 880 649 937 et
664 873 963 950 Dommuccensis,
977 893 1046 956 quo
1069 894 1129 937 ne-

176 971 249 1035 scio
265 971 380 1036 modo.
413 971 524 1037 Porro
542 980 670 1049 autem,
682 981 838 1056 tempore
855 974 948 1055 regis
965 973 1127 1038 Edwardi

175 1070 355 1153 simplicis,
376 1070 625 1136 Cornubiensis
645 1079 681 1136 et
704 1072 893 1136 Cridiensis
920 1073 1009 1137 uniti
1033 1080 1128 1150 sunt,

175 1177 212 1233 et
229 1172 421 1235 translatus
444 1179 498 1236 est
520 1172 742 1255 episcopatus
763 1173 800 1236 in
818 1171 1003 1236 Exoniam.
1055 1173 1127 1236 Sub

174 1289 258 1350 rege
277 1270 466 1348 willelmo,
496 1273 532 1335 in
564 1273 632 1336 isto
656 1272 777 1336 eodem
800 1273 946 1336 coneilio
974 1292 1127 1354 pronun·

174 1370 304 1433 ciatum
322 1378 386 1447 est,
405 1370 593 1435 secundum
610 1373 699 1436 scita
716 1391 899 1448 canonum,
917 1378 957 1435 nt
973 1373 1127 1455 episcopi

172 1476 397 1534 transeuntes
413 1471 456 1534 de
472 1469 566 1536 villis
582 1464 851 1535 ¹coustitnerent
866 1471 966 1535 sedes
985 1490 1067 1535 suas
1089 1473 1127 1535 in

173 1569 320 1632 urbibus
344 1569 545 1634 dioecesium
572 1589 733 1634 suarum:
763 1570 1018 1634 Licitfeldensis
1041 1591 1126 1653 ergo

172 1661 359 1750 ²migravit
369 1671 406 1734 in
416 1669 587 1747 cestram,
598 1689 677 1753 quae
691 1671 773 1734 olim
784 1669 919 1735 Civitas
931 1670 1125 1751 Legionum

172 1768 376 1848 dicebatur3
400 1769 603 1834 Selesieusis
618 1771 654 1834 in
672 1770 883 1849 cicestram
905 1769 1125 1834 Elmauensis

172 1868 211 1931 in
239 1867 407 1932 Tethford
429 1870 553 1951 primo,
576 1889 668 1933 nunc
691 1872 734 1933 ab
762 1869 946 1934 Herbcrto·
961 1871 1124 1952 episcopo

173 1968 211 2032 in
238 1967 401 2048 Norwi03
425 1969 683 2034 scirburnensis
705 1971 742 2032 in
763 1969 1005 2049 Salesbiriam3
1029 1970 1123 2035 Dor-

173 2070 361 2132 cestronsis
385 2068 421 2131 in
453 2068 657 2132 Lincoliam.
711 2069 805 2133 Nam
833 2067 1125 2132 Lindisfarnensis

171 2167 307 2249 pridem
323 2169 433 2233 veteri
459 2175 614 2251 tempore
639 2170 828 2233 transierat
852 2169 889 2231 in
902 2169 1124 2246 Dnnelmum,

172 2274 209 2330 et
221 2287 333 2350 nuper
342 2268 530 2333 Wellensis
546 2268 583 2331 in
600 2269 822 2332 Bathoniam.

224 2366 336 2450 §de
362 2367 405 2430 In
431 2367 496 2432 hoc
519 2375 691 2433 conventu
715 2367 943 2445 Lansrancns,
965 2368 1025 2451 qui
1047 2375 1263 2476 eratlrnheurffik

171 2464 286 2531 adhuc
308 2467 405 2532 rudis
421 2466 571 2551 Anglus,
597 2467 760 2551 quaesivit
787 2487 810 2533 a
836 2467 1029 2533 senioribus
1051 2470 1125 2551 epi·
1166 2447 1220 2476 Μ
1249 2464 1256 2476 ”

170 2568 288 2650 scopis
302 2569 363 2651 qui
380 2576 472 2633 esset
488 2569 573 2633 ordo
595 2568 737 2632 sedendi
751 2569 788 2632 in
806 2568 962 2645 concilio,
980 2568 1122 2651 antiqno

171 2685 269 2731 more
299 2674 477 2732 statutus:
510 2668 562 2731 illi
590 2688 685 2745 vero,
718 2675 888 2732 excusata
920 2667 1123 2732 difficultate

170 2769 342 2849 responsi,
360 2768 396 2830 in
413 2767 502 2831 diem
517 2768 726 2831 distulerunt
740 2775 929 2850 posterum.
962 2767 1009 2832 Et
1026 2774 1121 2845 tnnc,

169 2866 436 2949 diligentissime
452 2868 625 2933 advocata
641 2869 818 2944 memoria,
836 2867 928 2930 hunc
940 2886 979 2931 se
992 2866 1121 2931 vidisse

168 2986 301 3030 morem
326 2986 526 3048 asseruere3
549 2974 589 3031 ut
606 2967 806 3031 Cantuariae
828 2966 1120 3049 archiepiscopus,

168 3066 317 3130 concilio
334 3068 537 3150 praesidens,
552 3066 678 3131 habeat
696 3087 717 3130 a
733 3066 859 3131 dextro
875 3067 984 3130 latere
1009 3065 1120 3129 archi·

167 3168 371 3250 episcopum
404 3167 565 3244 Eboraci,
598 3173 634 3230 et
662 3167 770 3250 juxta
803 3186 882 3230 enm
919 3166 1119 3248 episcopum

167 3265 374 3343 Wintoniae,
390 3286 411 3330 a
426 3268 568 3331 sinistro
580 3274 696 3330 autem
712 3265 1009 3330 Londoniensem:
1026 3266 1119 3347 quod

166 3366 209 3443 si,
227 3372 268 3429 ut
289 3367 473 3449 contingit,
490 3386 554 3450 pro
576 3367 695 3448 aliqua
713 3366 920 3429 necessitate
934 3364 1119 3429 Cantuari·

166 3466 261 3529 ensis
278 3467 409 3548 primas
422 3466 610 3530 adventum
622 3485 724 3529 suum
735 3458 940 3547 ³negaverit,
951 3464 1008 3528 vel
1021 3466 1119 3527 obitu

166 3564 329 3643 debuerit,
373 3566 603 3631 Eboracensis
643 3565 935 3647 archiepiscopus,
971 3563 1118 3627 concilio

163 3665 369 3748 praesidens,
394 3666 523 3731 habeat
552 3684 573 3728 a
595 3664 721 3728 dextra
746 3663 1022 3728 Londoniensem
1046 3663 1119 3744 epi-

165 3785 326 3848 scopum,
349 3774 385 3830 et
408 3786 430 3829 a
452 3766 594 3829 sinistra
609 3764 906 3841 wintoniensem
930 3762 1046 3825 caeteri
1064 3780 1118 3824 se·

165 3865 318 3928 eundum
348 3874 506 3948 tempora
540 3863 796 3927 ordinationum
822 3862 945 3925 sedilia
966 3880 1030 3924 sua
1053 3880 1115 3939 ag·

85 3963 89 3967 ’
162 3972 323 4029 noscant.

199 4138 206 4169 ¹
222 4141 427 4205 cristianae]
445 4141 478 4191 A.
497 4141 526 4190 S.
544 4142 580 4191 D.
595 4142 628 4189 E.

161 4212 212 4270 1..;
229 4216 413 4273 construerent,
425 4213 454 4261 C.
690 4206 701 4241 ³
715 4206 871 4269 Negoum‘t]
891 4207 922 4255 C.
930 4206 966 4254 D.
978 4204 1011 4254 Ε.
1021 4219 1029 4265 ;
1039 4217 1119 4253 excu-

197 4278 368 4345 'dligrooit.]
386 4281 420 4331 A.
438 4282 466 4331 S.
484 4282 519 4330 D.
536 4282 569 4331 Ε.
581 4282 629 4342 L.;
655 4280 758 4340 severit,
768 4280 802 4327 Δ.
814 4277 844 4325 S.
856 4277 888 4325 L.

160 4352 270 4415 transiit,
282 4352 312 4401 C.
