3100 5050
433 482 500 547 592
660 494 773 545 susm
796 494 924 543 aucun
944 492 1161 543 nuomauu.
1235 477 1322 561 [mu.
1342 492 1389 539 rr.

272 678 368 718 nom
435 654 689 721 aestimarentur
706 648 912 737 ¹sexaginta
929 652 1039 717 millia
1054 652 1214 730 militum,
1227 658 1263 716 et
1275 651 1388 715 multo

272 730 423 819 wiem-
434 756 536 840 plura
559 756 727 839 peditum.
781 755 854 820 Ivit
880 744 959 819 cuin
981 773 1023 819 eo
1049 753 1247 837 Stephanus
1270 769 1388 815 comes

436 856 662 939 Burgundiae,
691 862 726 920 et
761 855 871 938 Hugo
904 853 1130 932 Lizianensis,
1157 854 1266 940 frater
1299 852 1388 917 Rai-

435 957 556 1020 mundi
582 956 729 1033 comitis,
752 963 788 1020 et
813 955 923 1038 Hugo
944 973 1106 1037 magnus,
1129 961 1165 1019 et
1187 952 1387 1036 Stephanus

436 1056 626 1133 Blesensis,
642 1057 795 1139 autiquae
818 1056 1038 1121 discessionis
1060 1054 1309 1138 improperium
1326 1073 1389 1118 no·

435 1176 482 1222 va
504 1164 540 1222 et
564 1157 765 1239 excogitata
781 1157 911 1222 virtute
933 1154 1061 1221 sarcire
1083 1155 1273 1238 cupientes.
1328 1153 1387 1219 lta

435 1278 497 1341 per
524 1257 860 1341 Constantinopolim
891 1255 1080 1339 profectus,
1097 1275 1192 1343 ¹curu
1222 1254 1388 1319 insolenti

435 1377 603 1441 responso
620 1356 678 1444 (ut
698 1358 856 1440 superius
880 1354 972 1442 dixi)
987 1338 1153 1421 Alexinm
1174 1354 1387 1433 offendisset,

435 1458 496 1522 illo
524 1478 594 1523 non
622 1464 777 1536 curante,
805 1458 862 1521 vel
894 1458 1013 1540 potius
1044 1462 1264 1540 procurante,
1296 1454 1386 1519 Soli·

436 1559 554 1622 mauni
584 1557 729 1622 incurrit
760 1558 925 1638 insidias3
964 1558 1025 1641 qui
1053 1557 1165 1620 sciens
1193 1556 1386 1619 exereitum

435 1658 526 1723 same
543 1666 578 1723 et
593 1659 652 1724 siti
673 1658 843 1737 laborare,
863 1658 956 1742 quod
979 1656 1168 1741 aliquantis
1185 1655 1307 1719 diebus
1335 1676 1386 1719 er·

437 1759 584 1823 rabundi
604 1778 667 1842 per
682 1758 854 1842 palustria
877 1764 913 1822 et
926 1757 1023 1823 invia
1046 1758 1126 1821 loca
1144 1757 1292 1833 iverant,
1308 1775 1387 1819 cum

435 1860 599 1923 trecentis
615 1858 767 1923 millibus
790 1859 1052 1942 sagittariorum
1066 1855 1227 1923 occurrit.
1274 1855 1386 1921 Nulla

436 1979 588 2043 uuquam
604 1959 796 2024 luctuosior
812 1959 957 2023 Francis
978 1977 1098 2041 pugna
1110 1958 1199 2033 visa,
1217 1957 1301 2040 quia
1322 1976 1385 2020 nec

436 2061 594 2125 timidum
617 2060 713 2143 fuga,
738 2079 802 2124 nec
827 2060 995 2123 audacem
1008 2059 1133 2136 virtus,
1157 2064 1296 2141 poterat
1318 2057 1387 2121 eri-

436 2180 518 2244 pere
538 2160 747 2240 discrimiui3
770 2160 863 2242 quod
887 2160 924 2223 in
946 2165 1043 2223 arcto
1058 2158 1135 2225 loco
1157 2166 1384 2241 pugnaretur,

437 2268 472 2325 et
503 2262 540 2325 in
569 2267 746 2325 consertos
770 2261 978 2343 sagittarum
1004 2260 1114 2323 nubes
1141 2279 1212 2324 uon
1238 2258 1390 2323 frustra·

436 2367 543 2426 retur.
584 2360 773 2425 Interfecto
786 2360 894 2443 igitur
906 2360 1091 2443 plusquam
1108 2365 1246 2423 centum
1261 2359 1384 2436 millia,

439 2462 558 2545 praeda
584 2461 693 2526 omnis
717 2461 886 2542 abducta;
908 2462 960 2526 ita
981 2460 1215 2537 solimannus,
1237 2479 1284 2523 ex
1311 2478 1387 2523 ma·
1523 2489 1524 2579 p

439 2563 553 2626 nubiis
571 2563 784 2626 Francorum
800 2563 912 2626 claras
929 2561 1088 2625 manibus
1102 2581 1243 2625 suorum
1261 2567 1387 2624 nactus

439 2662 592 2740 inferias,
607 2657 824 2746 dispendium
841 2663 961 2727 Nieeae
984 2663 1080 2726 ultus
1102 2669 1167 2725 est.
1219 2660 1288 2724 Sed
1305 2662 1388 2744 quia

440 2763 557 2828 multis
571 2763 767 2827 tramitibus
783 2764 870 2827 itum
892 2769 978 2839 erat,
991 2782 1055 2826 uec
1072 2781 1191 2826 omues
1213 2761 1308 2838 caesi,
1323 2781 1386 2825 nec

440 2864 557 2928 omnia
587 2863 741 2946 direpta3
779 2883 860 2927 nam
889 2870 1017 2946 praeter
1046 2861 1302 2938 Pictavensem,
1327 2862 1386 2945 qui

440 2984 527 3046 pene
553 2963 596 3027 ad
624 2963 786 3048 pudenda
809 2963 960 3027 nudatus
986 2970 1073 3040 erat,
1100 2963 1218 3026 o'aeteri
1242 2963 1385 3027 comites

439 3072 597 3148 prompte
625 3083 689 3128 sua
711 3063 1012 3128 defensitaverant.
1065 3062 1196 3126 Omnes
1218 3082 1315 3144 ergo,
1332 3083 1385 3127 re·

440 3164 593 3228 collectis
605 3184 650 3227 ex
661 3165 745 3246 fuga
756 3164 935 3241 militibus,
945 3171 1073 3246 praeter
1085 3162 1273 3245 Hugonem
1288 3183 1386 3245 mag·

440 3284 533 3341 num,
545 3283 647 3348 quem
662 3271 836 3328 mortuum
845 3262 1027 3327 Tarsensis
1045 3264 1199 3327 civitatis
1216 3282 1306 3326 urna
1323 3284 1386 3328 ex·

440 3365 543 3448 cepit,
559 3363 782 3429 Antiochiam
809 3364 1059 3444 convolarunt;
1082 3363 1119 3426 iu
1144 3363 1270 3446 quibus
1293 3363 1387 3428 Tan-

440 3465 574 3543 credus,
588 3465 737 3546 egregiae
760 3464 901 3548 pietatis
923 3463 1034 3541 miles,
1050 3465 1226 3546 ingentem
1248 3465 1385 3527 munifi·

440 3567 562 3630 centia·
587 3584 659 3629 suae
687 3565 835 3647 gratiam
859 3564 1022 3643 ostendit,
1048 3571 1191 3628 cunctos
1213 3571 1386 3647 quatenus

439 3673 578 3747 poterat
611 3665 766 3748 pecuniis
796 3672 1017 3744 sustentans;
1048 3663 1262 3729 Willelmum
1296 3685 1386 3748 prae-

440 3767 552 3849 cipue,
573 3785 676 3848 quem
701 3765 849 3830 fortunae
863 3765 1066 3831 vicissitudo
1090 3784 1133 3828 eo
1157 3764 1387 3832 afflictaverat

438 3866 642 3931 invidiosius
674 3885 743 3948 quo
774 3873 856 3930 aute
887 3873 1098 3950 provexerat
1127 3863 1296 3944 serenius,
1327 3866 1385 3951 qui

437 3974 566 4050 praeter
589 3985 706 4048 gazaS,
724 3986 871 4049 quarum
897 3967 1023 4030 damno
1051 3986 1121 4031 non
1147 3965 1234 4030 adeo
1259 3965 1384 4032 afficie-

438 4068 552 4146 batur,
573 4067 665 4151 quod
692 4066 832 4130 caducae
853 4073 935 4130 sunt
959 4074 995 4131 et
1016 4066 1239 4149 reparabiles
1262 4087 1308 4130 ex
1325 4074 1383 4130 tot

575 4308 583 4341 ¹
596 4311 735 4373 Sexaginta
747 4310 825 4359 millio
836 4308 963 4372 naam]
980 4308 1028 4357 See
1039 4312 1097 4357 note
1107 4304 1127 4369 ³,
1137 4323 1164 4369 p.
1176 4311 1234 4360 6³5.
