3100 5050
441 475 508 541 498
658 493 772 543 ersrn
795 492 923 541 aucun
946 491 1161 540 nncuonuu.
1242 476 1392 558 [maru.

441 652 612 735 baturque
639 653 777 717 tandem
807 651 930 729 bonor,
960 658 1000 715 ut
1029 651 1081 714 ita
1110 649 1235 726 dicam,
1266 649 1389 727 nudus,

441 770 569 834 magno
596 760 712 817 tamen
738 760 887 836 emptus.
939 750 1030 815 Haec
1051 768 1094 813 co
1117 748 1315 831 indigniora
1337 751 1389 814 vi·

441 851 623 930 debentur,
650 853 755 937 quod,
781 860 933 936 tempore
962 851 1083 933 patris,
1103 857 1184 931 post
1210 850 1389 915 decessum

442 953 594 1036 episcopi
610 953 667 1017 vel
688 953 825 1017 abbatis
841 971 959 1017 omnes
979 950 1132 1015 redditus
1153 952 1290 1032 integre
1312 970 1390 1015 cus·

442 1052 674 1130 todiebantur,
690 1052 932 1117 substituendo
947 1051 1079 1133 pastori
1102 1051 1312 1132 resignandi,
1328 1052 1389 1115 eli-

443 1154 681 1236 gebanturque
703 1172 861 1237 personae
885 1151 1061 1233 religionis
1084 1151 1208 1215 merito
1232 1149 1389 1215 laudabi-

442 1252 492 1315 les
506 1273 515 1332 3
537 1260 682 1331 atvero,
700 1253 858 1336 pauculis
874 1253 975 1315 annis
991 1250 1297 1329 intercedentibus,
1318 1272 1390 1316 om·

443 1353 502 1415 nia
523 1354 717 1425 immutata.
770 1352 899 1417 Nullus
916 1352 1015 1416 dives
1038 1351 1106 1415 nisi
1127 1351 1390 1429 nummularius,

443 1452 559 1516 nullus
584 1454 729 1518 clericus
753 1453 821 1518 nisi
842 1452 1049 1528 causidicus,
1071 1450 1187 1515 nullus
1210 1453 1391 1535 presbyter

443 1553 510 1615 nisi
524 1550 583 1638 (ut
597 1555 703 1619 verbo
717 1572 839 1636 parum
850 1551 978 1615 Latino
992 1547 1090 1636 utar)
1100 1551 1283 1615 firmarius.
1318 1552 1389 1617 Gu-

437 1651 635 1736 juscunque
660 1653 868 1719 conditionis
891 1650 1131 1727 homunculus,
1152 1650 1389 1735 cujuscunque

443 1751 596 1815 criminis
613 1770 703 1829 reus,
713 1753 833 1817 statim
846 1757 887 1815 ut
899 1751 942 1815 de
952 1752 1049 1815 lucro
1061 1749 1153 1831 regis
1167 1752 1390 1834 appellasset,

443 1850 671 1932 audiebatur3
706 1854 750 1916 ab
775 1852 861 1935 ipsis
886 1851 1033 1916 latronis
1056 1850 1213 1914 faucibus
1240 1852 1392 1917 resolve-

442 1950 547 2015 batur
564 1953 708 2035 laqueus
735 1953 766 2016 si
789 1950 1005 2034 promisisset
1023 1950 1141 2032 regale
1162 1953 1389 2016 commodum.

444 2044 585 2115 ¹Soluta
614 2052 756 2117 militari
779 2052 973 2133 discipline,
1004 2050 1152 2115 curiales
1182 2052 1389 2116 rusticorum

444 2152 659 2216 substantias
680 2152 966 2235 depascebantur,
984 2152 1204 2215 insumebant
1220 2150 1390 2230 fortunas,

445 2270 466 2316 a
494 2252 612 2317 buccis
635 2252 838 2317 miserorum
862 2252 957 2315 cibos
985 2250 1236 2315 abstrahentes.
1288 2252 1389 2316 Tunc

444 2350 561 2416 fluxus
582 2353 739 2429 crinium,
761 2359 845 2415 tunc
873 2352 977 2415 luxus
1000 2351 1161 2428 vestium,
1187 2357 1271 2415 tunc
1288 2346 1390 2417 ²usus

445 2451 638 2516 calceorum
664 2472 741 2517 cum
768 2452 920 2516 arcuatis
945 2450 1075 2514 aculeis
1095 2450 1277 2517 inventus:
1306 2454 1392 2518 mol·

444 2551 518 2618 litie
535 2554 688 2637 corporis
705 2561 840 2618 certare
855 2572 933 2618 cum
946 2551 1110 2629 foeminis,
1123 2571 1280 2634 gressum
1297 2554 1391 2618 iran-

445 2672 538 2734 gero,
562 2661 663 2736 gestu
680 2654 796 2718 soluto
814 2660 850 2717 et
869 2654 979 2717 latere
1003 2652 1096 2717 nudo
1116 2651 1286 2731 incedere,
1308 2655 1392 2720 ado·

445 2752 647 2818 lescentium
688 2754 863 2837 specimen
890 2759 978 2816 erat.
1039 2751 1205 2830 Enerves,
1234 2755 1389 2833 emolliti,

444 2853 536 2933 quod
547 2855 622 2918 nati
636 2853 884 2920 fuerantinviti
899 2853 1103 2932 manebant3
1121 2845 1392 2936 ³expugnatores

445 2953 567 3018 alienes
584 2955 772 3037 pudicitiae,
787 2953 924 3037 prodigi
939 2971 1021 3016 suae.
1074 2951 1316 3035 Sequebantur
1332 2975 1391 3019 cu-

444 3053 531 3116 riam
546 3054 835 3118 effoeminatorum
849 3072 973 3116 manus
995 3059 1031 3116 et
1046 3071 1233 3135 ganearum
1255 3074 1390 3137 greges,

444 3158 484 3215 ut
511 3171 581 3216 non
615 3160 742 3217 temere
772 3173 795 3217 a
822 3153 972 3235 quodam
998 3153 1155 3235 sapiente
1182 3153 1312 3217 dictum
1334 3156 1391 3233 sit,

444 3243 596 3315 4felicem
610 3252 683 3317 sore
696 3251 861 3334 Angliam
877 3240 908 3316 si
922 3252 1099 3316 Heuricus
1111 3261 1291 3336 regnaret3
1308 3256 1393 3319 talia

479 3449 594 3502 ¹Soluta
621 3453 725 3502 militari
747 3453 905 3517 disciplina]
932 3454 1050 3502 observes
1063 3451 1119 3500 that
1135 3451 1177 3500 the
1192 3452 1247 3501 lirst
1261 3453 1396 3520 improver,

442 3523 568 3584 Compare
586 3524 705 3588 Eadmer,
717 3524 787 3574 Hist.
799 3525 867 3573 Nov.
878 3540 905 3586 p.
932 3522 967 3583 by
986 3522 1083 3584 adding
1099 3522 1142 3571 the
1158 3522 1218 3584 long
1234 3524 1329 3573 curved
1346 3531 1395 3576 ter·

443 3597 485 3642 94.
932 3593 1062 3652 minetion,
1072 3606 1128 3641 was
1144 3606 1161 3640 a
1175 3592 1261 3641 fellow
1277 3593 1393 3659 (quidam

480 3661 491 3690 ²
505 3664 570 3712 Uerre
580 3663 711 3712 calceorum
729 3677 784 3712 cum
799 3663 908 3713 arcuatis
931 3658 1036 3725 nebulo)
1053 3663 1080 3710 in
1095 3661 1138 3711 the
1156 3667 1229 3712 court
1243 3663 1272 3712 of
1280 3666 1394 3716 william

443 3733 534 3782 eculeis
554 3733 687 3796 inventus]
703 3732 801 3783 ‘These
825 3734 908 3794 shoes,
933 3732 1127 3793 Rufusmamed
1142 3733 1255 3782 Robert.'
1276 3733 1395 3801 (Sbarpe,

445 3803 529 3852 which
546 3817 610 3866 gave
626 3803 744 3852 oecssion
755 3803 794 3852 ior
804 3804 908 3852 various
932 3817 960 3864 p.
971 3798 1041 3865 886.)

445 3873 594 3922 ordinauces
614 3873 652 3921 ior
674 3873 740 3922 their
765 3874 907 3935 regulation
967 3869 1177 3934 ³Expugmtores
1226 3873 1298 3934 Μ]
1314 3877 1395 3928 Orde.

446 3957 474 3990 or
491 3943 612 3991 abolition
626 3943 719 4005 during
736 3943 834 3992 several
851 3957 909 3992 suc·
932 3941 1001 3990 ricus
1007 3942 1100 3990 vitalis
1110 3944 1396 4014 censurestbeFrench,

446 4015 543 4062 cessive
571 4013 706 4074 centuries,
732 4027 775 4062 are
804 4013 860 4061 said
882 4017 908 4061 to
933 4011 983 4060 and
1010 4012 1175 4073 particularly
1197 4013 1240 4062 the
1267 4015 1395 4070 Normans

336 4087 342 4096 “
446 4081 511 4132 heve
538 4082 612 4131 owed
636 4082 701 4130 their
728 4083 856 4132 invention
882 4087 908 4131 to
932 4080 1014 4130 under
1030 4081 1109 4130 Duke
1127 4082 1230 4146 Robert‚
1251 4083 1290 4133 for
1307 4091 1395 4154 nearly

447 4152 514 4200 Fnlk
533 4153 586 4201 earl
597 4152 627 4200 oi
633 4152 729 4214 Anjou,
747 4154 774 4201 in
792 4153 866 4201 order
882 4158 908 4202 to
933 4152 1030 4200 similer
1040 4153 1117 4201 vices.

446 4221 505 4271 hide
522 4221 562 4270 his
578 4221 713 4272 ill-formed
731 4222 908 4284 feet,—0rde-
968 4218 1115 4272 ⁴Felicem.
1128 4255 1156 4272 ..
1174 4227 1350 4288 execrantem]
1366 4231 1396 4283 S.

445 4291 627 4354 ricusvitalis,
645 4308 671 4354 p.
691 4296 753 4353 6823
773 4292 831 4340 who
853 4293 908 4343 also
935 4292 965 4340 G.
986 4292 1021 4342 D.
1040 4293 1090 4353 E.;
1117 4291 1190 4341 curia
1207 4293 1275 4355 regis
1292 4297 1396 4362 Angliae
