3100 5050
158 528 229 574 iis.
245 510 319 592 iii.]
393 526 507 575 unsri
531 527 658 575 aucun
681 495 895 576 iuononuii.
1046 510 1113 574 473

321 684 495 748 Alexander
516 681 666 746 Willelmo
682 683 750 770 regi
765 684 951 770 Anglorum.

212 808 327 893 §292
354 806 526 871 ‘Causam
549 805 684 884 Alricii,
702 808 763 890 qui
787 808 869 872 olim
885 807 1112 872 cicestrensis

160 909 316 974 ecclesiae
340 908 453 972 dictus
480 914 534 970 est
553 908 747 990 episcopus,
771 907 956 989 diligenter
983 917 1112 972 retrac-

159 1009 316 1085 tandam,
345 1016 380 1071 et
407 1006 647 1084 definiendam,
676 1007 774 1069 sratri
805 1014 923 1071 nostro
949 1009 1112 1092 episcopo

159 1104 359 1173 Lanfranco
379 1106 622 1171 commisimus.
675 1106 766 1170 Item
782 1108 848 1170 sibi
864 1109 1052 1189 negotium,
1070 1110 1113 1173 de

158 1208 386 1273 discernenda
407 1207 469 1269 lite
491 1226 570 1288 quae
593 1208 683 1269 inter
710 1207 1005 1289 archiepiscopum
1020 1208 1112 1272 Ebo-

157 1327 338 1373 racensem
354 1315 390 1371 et
403 1308 603 1388 episcopum
619 1306 945 1371 Dorcacestrensem
957 1307 1000 1371 de
1017 1301 1111 1391 ¹per-

157 1409 289 1474 tinacia
311 1406 471 1471 dioecesis
494 1424 611 1470 eorum
636 1413 702 1484 est,
728 1406 872 1471 firmiter
896 1407 1110 1491 injungendo

156 1507 487 1583 commendavimus
510 1514 550 1569 ut
571 1505 660 1569 hanc
684 1525 825 1570 oausam
848 1506 1113 1588 diligentissima

157 1608 408 1692 perquisitione
430 1612 631 1689 pertractet,
647 1612 682 1669 et
694 1606 794 1689 justo
811 1605 878 1669 fine
896 1607 1111 1671 determinet.

161 1709 205 1772 In
231 1708 348 1772 causis
370 1713 486 1771 autem
509 1705 762 1789 pertractandis
787 1713 823 1769 et
840 1706 1040 1769 definiendis
1063 1708 1114 1771 ita

159 1809 227 1873 sibi
242 1814 372 1872 nostrae
387 1814 422 1871 et
436 1806 637 1888 apostolicae
660 1806 878 1869 auctoritatis
893 1807 1004 1871 vicem
1018 1806 1114 1871 dedi-

159 1927 251 1986 mus
270 1914 311 1971 ut
325 1904 489 1990 quioquid
508 1907 544 1968 in
566 1906 615 1969 eis
626 1905 766 1990 justitia
789 1905 942 1969 dictante
956 1906 1116 1971 determi-

162 2009 313 2084 naverit,
344 2006 444 2089 quasi
476 2007 512 2068 in
546 2012 667 2069 nostra
704 2006 890 2087 praesentia
923 2006 1114 2084 definitum,

161 2109 325 2191 deinceps
342 2106 478 2169 firmum
493 2113 527 2169 et
542 2105 780 2170 indissolubile
794 2099 994 2191 ²teneatur.’

198 2355 207 2387 ¹
226 2354 395 2428 Pertinacia]
425 2362 455 2409 C.
477 2361 526 2420 E.;
549 2362 627 2422 perti·
679 2360 976 2421 ‘lisuniimncigena
984 2360 1118 2420 compellet

160 2430 258 2489 nentia,
270 2430 300 2479 S.
313 2430 347 2479 D.
359 2431 390 2479 L.
401 2445 409 2489 ;
424 2431 571 2492 obtinentia,
582 2430 615 2481 A.
652 2431 790 2493 Anglicum
807 2446 853 2492 per
862 2431 957 2479 bellum
972 2431 1005 2479 de
1020 2430 1116 2479 eisdem

199 2497 366 2564 'Tenentur.]
379 2500 410 2550 S.
423 2502 454 2551 C.
467 2501 501 2551 D.
514 2501 547 2550 Ε.
560 2501 627 2560 in.;
651 2502 737 2562 rebus,
758 2501 885 2563 Anglicns
912 2502 990 2563 plenu
1013 2500 1117 2550 licentia

163 2572 189 2619 iu
200 2571 244 2620 the
251 2571 351 2632 margin
362 2571 391 2620 oi
395 2572 447 2620 Ll.
459 2573 466 2600 ‘
476 2572 589 2633 Explicit
595 2574 628 2621 de
652 2572 772 2620 defendat
789 2587 817 2621 se
834 2586 880 2632 per
898 2572 1003 2632 bellum,
1012 2571 1054 2619 vel
1070 2585 1117 2632 per

162 2641 294 2691 Willelmo
305 2641 411 2704 Magno.
447 2642 549 2691 Desunt
557 2643 628 2704 leges
648 2642 786 2703 judicium,
808 2642 831 2689 si
853 2643 935 2703 magis
961 2642 986 2689 ei
1007 2641 1116 2702 placent.

163 2711 291 2773 ejusdem,
310 2712 464 2760 continentes
480 2711 533 2760 fere
549 2726 628 2761 unum
655 2712 688 2760 Et
704 2711 726 2760 si
741 2725 860 2773 uncpiim
876 2712 919 2773 sit,
929 2712 955 2760 id
970 2714 1018 2772 est,
1028 2711 1119 2759 involi-

162 2781 280 2840 folium3'
306 2780 339 2830 A.
357 2782 471 2831 contains
492 2781 534 2830 the
552 2782 629 2832 Laws
653 2781 713 2842 dus,
723 2786 749 2830 et
759 2782 823 2829 nolit
832 2782 937 2842 bellum,
946 2781 988 2829 vel
998 2795 1116 2842 nonpos-

162 2852 191 2900 ol
200 2851 244 2900 the
256 2851 412 2913 Conqueror,
423 2866 452 2900 as
464 2852 558 2902 follow.
654 2853 696 2913 sit,
707 2856 807 2912 quaerat
816 2852 866 2900 sibi
883 2852 989 2912 legalem
1001 2850 1117 2900 defenso·

161 2939 300 2986 ‘uxriicir
320 2951 353 2986 on
369 2951 504 2986 witimiro
532 2949 630 2999 ieiuno,
654 2936 714 2970 fem·
732 2921 758 2969 Si
770 2922 927 2982 chisseffl
937 2920 1115 2982 Viciussuerib

199 3021 363 3056 nomiminis
391 3021 487 3056 conire
510 3019 541 3056 iii·
565 3021 630 3057 naue
654 2991 782 3052 Pefffllvat
791 2992 846 3052 regi
862 2992 995 3053 'entim
1012 2991 1116 3039 ⁹⁰lid08·

200 3090 353 3128 immun,
655 3063 689 3110 Et
699 3062 721 3110 si
733 3061 859 3123 Anglicus
868 3062 932 3109 nolit
942 3076 969 3110 se
981 3060 1116 3110 defendere

655 3146 700 3192 per
717 3131 812 3180 bellum
822 3132 864 3180 vel
882 3132 1117 3194 pertestimonium‚

204 3183 357 3230 ‘iuoiriuur
374 3193 450 3229 isoes
468 3194 587 3230 riusoiiii.
655 3202 759 3263 „pegia
770 3216 797 3250 se
808 3217 854 3262 per
865 3203 1060 3263 Deijufficinm·

200 3267 632 3329 ‘WillelmusrexAnglorum,om·
693 3272 756 3319 ‘Dii
778 3272 894 3320 omnibus
912 3272 1021 3334 uthlegii
1040 3272 1117 3320 rebus

164 3339 242 3386 nibus
255 3337 289 3386 ad
301 3351 365 3398 qnos
384 3338 505 3398 scriptum
517 3337 564 3385 hoo
575 3352 629 3399 per·
656 3355 700 3390 rex
715 3341 826 3389 instituit
842 3346 873 3388 ut
883 3341 1009 3402 Anglicus
1025 3346 1119 3403 purget

146 3409 253 3457 'veniet
273 3421 320 3468 per
341 3411 419 3455 totuin
439 3407 570 3469 Angliom‚
591 3422 632 3456 sa·
656 3426 683 3460 se
695 3411 872 3472 adjudicium.
908 3410 943 3458 Et
959 3412 981 3458 si
992 3411 1118 3472 nngiicui

163 3479 246 3528 lutein
267 3481 293 3525 et
310 3477 456 3526 amicitiam.
493 3477 590 3526 Mando
607 3482 632 3526 et
656 3481 768 3542 appellet
783 3479 965 3541 Froneigenam
984 3480 1016 3527 de
1033 3481 1117 3528 uthin-

165 3547 293 3610 praeeipio
309 3561 356 3608 per
372 3551 450 3596 totuin
468 3547 570 3609 Angliae
587 3562 631 3596 na·
657 3551 737 3612 garis,
752 3554 778 3598 et
796 3550 844 3598 hoc
859 3562 1008 3609 supereum
1027 3549 1120 3598 inveri-

163 3619 262 3668 tionem
284 3617 426 3665 custodiri:
457 3617 485 3669 Si
506 3617 632 3679 Anglions
656 3625 710 3670 tare
731 3621 802 3680 velit,
823 3618 943 3669 defendat
966 3632 994 3667 se
1016 3618 1120 3668 Franci·

163 3687 241 3738 homo
260 3687 395 3748 compellet
405 3686 516 3748 aliquem
528 3688 632 3736 Franci·
657 3705 723 3751 gena
733 3705 779 3750 per
789 3689 893 3738 bellum.
916 3688 983 3736 Etsi
994 3687 1119 3749 Anglicus

164 3772 259 3820 genam
279 3772 326 3818 per
343 3756 438 3804 bellum
454 3757 486 3804 de
505 3757 582 3819 furto,
592 3756 632 3806 vel
657 3775 706 3808 non
717 3759 812 3808 audeat
821 3775 880 3808 eum
890 3759 996 3821 probare
1011 3772 1057 3819 per
1067 3759 1121 3807 bel·

164 3827 317 3888 homicidio,
327 3827 367 3874 vel
380 3827 468 3886 aliqua
481 3841 509 3876 re
525 3842 571 3888 pro
582 3841 634 3887 qua
657 3831 720 3890 lum,
730 3829 886 3878 defendotse
898 3829 1055 3889 Frunoigeno
1065 3829 1120 3888 plu·

163 3899 263 3947 bellum
278 3895 495 3955 lieridebeat,vel
504 3897 633 3957 judiciuin
658 3914 690 3947 no
708 3900 862 3961 juramento,
878 3914 927 3947 nou
945 3899 971 3946 in
987 3899 1120 3947 verborum

165 3970 238 4016 inter.
250 3968 318 4015 duos
333 3965 457 4026 homines,
470 3965 564 4015 habeut
581 3966 633 4026 ple·
659 3970 835 4018 observantiis.

164 4053 227 4088 iiam
237 4037 369 4086 licentiam
375 4035 423 4084 hoc
432 4035 552 4086 faciendi.
570 4036 605 4082 Et
612 4037 634 4084 si
694 4041 701 4066 ‘
712 4039 788 4089 Iunii.
806 4039 902 4100 Regem
913 4037 1025 4099 Apsilia,
1034 4037 1121 4097 singu·

164 4106 636 4170 Anglieusbellumnolit,Francigena
660 4107 706 4157 lnri
718 4107 935 4171 majestate,regui
946 4107 1121 4155 suidominnm

166 4177 338 4239 compellatus
365 4176 469 4238 allegiet
491 4191 518 4225 se
536 4177 636 4238 jureju·
660 4192 716 4229 esse
734 4179 866 4227 manifeste
884 4177 998 4225 veritatis
1014 4177 1122 4226 intuitus

165 4249 249 4297 tando
260 4251 350 4296 contra
360 4261 417 4295 eum
430 4261 476 4307 per
486 4250 563 4294 testes
575 4260 635 4295 euos
660 4253 686 4297 et
704 4249 862 4311 singulorum
878 4247 987 4307 denique
1006 4249 1125 4308 coguovit

165 4318 404 4378 secundumlegem
417 4316 588 4366 Normnnniae.
660 4319 773 4370 effectus.
810 4318 886 4370 Quod
902 4332 959 4366 cum
975 4317 1063 4366 inclita
1079 4319 1122 4366 be.-
