3100 5050
431 993 859 1076 PROLOGUS

349 1201 406 1260 IN
436 1203 642 1266 LIBRUM
675 1203 934 1271 QUINTUM.

577 1402 700 1413 *ιη-.-

164 1560 302 1608 INCIPIT
320 1562 506 1612 PROLOGUS
527 1562 690 1611 EIUSDEM
709 1563 746 1609 IN
768 1562 908 1611 LIBRUM
932 1564 1115 1624 QUINTUM.

172 1708 197 1753 J
232 1736 238 1743 2
292 1687 486 1753 RDINE
513 1708 626 1752 rerum
657 1696 816 1765 vocante,
848 1697 984 1774 tempus
1016 1689 1114 1754 Hen-

180 1790 273 1874 ⁴131„
304 1842 305 1845 ,
342 1789 404 1852 rici
434 1788 526 1870 regis
549 1789 695 1870 ingressi
717 1808 857 1853 sumus:
890 1791 990 1875 cujus
1016 1798 1116 1872 gesta

206 1893 229 1935 Ψ
246 1894 271 1947 ⁴.
289 1883 300 1979 ’ς
342 1889 426 1971 styli
460 1887 571 1952 officio
611 1889 759 1971 posteris
795 1889 942 1968 tradere,
973 1891 1114 1974 majoris

285 1977 292 2001 ‘
343 2008 448 2070 quam
473 2007 495 2051 a
517 1989 615 2053 nobis
638 1987 762 2052 debeat
780 1981 931 2071 ¹exquiri
956 1998 1010 2054 est
1034 2010 1115 2074 ope-

165 2106 238 2167 rae;
265 2107 345 2152 nam
368 2095 403 2152 et
426 2089 456 2152 si
483 2088 559 2151 sola
585 2107 663 2170 quae
691 2096 830 2152 nostras
861 2109 962 2153 aures
989 2091 1114 2172 attige-

165 2195 250 2252 runt
283 2189 413 2271 scripto
443 2188 703 2266 mandarentur,
734 2189 917 2273 cujuslibet
951 2189 1113 2272 eloquen-

167 2288 294 2353 tissimi
322 2307 446 2352 nervos
472 2287 633 2370 fatigare,
657 2295 692 2352 et
717 2288 864 2369 grandia
893 2298 1035 2372 possent
1060 2309 1115 2354 ar-

166 2388 277 2451 maria
300 2407 459 2470 gravare.
513 2387 602 2466 Quis
632 2407 716 2470 ergo
744 2397 888 2453 conetur
913 2390 1029 2453 omnia
1053 2390 1114 2454 illa

165 2488 387 2553 consiliorum
403 2487 567 2572 pondera,
582 2487 644 2552 illa
659 2494 836 2570 gestorum
851 2488 1020 2571 regalium
1039 2510 1113 2555 mo-

165 2588 298 2666 limina,
329 2589 535 2653 enucleatim
565 2590 748 2652 retexeret
775 2588 908 2654 altioris
938 2597 1019 2653 sunt
1045 2592 1114 2655 ista

167 2688 298 2770 negotii
313 2695 348 2753 et
363 2688 536 2752 otiosioris
554 2688 671 2752 animi.
717 2688 792 2752 Vix
807 2689 882 2753 haec
899 2689 1040 2754 auderet
1055 2691 1112 2755 vel

167 2786 290 2853 Cicero
304 2787 341 2851 in
354 2807 471 2871 prosa,
485 2787 586 2872 cujus
601 2787 724 2852 adorat
737 2788 829 2852 sales
841 2795 917 2853 tota
928 2789 1113 2868 Latinitas,

165 2888 222 2952 val
250 2887 281 2950 si
304 2889 381 2970 quis
400 2907 560 2952 versuum
584 2887 702 2951 lavore
722 2887 954 2952 Mantuanum
973 2887 1114 2953 lacessit

166 2996 318 3071 poetam.
369 2986 470 3052 Adde
487 2987 591 3070 quod,
606 2988 688 3050 dum
711 2988 883 3069 ambiguis
906 2988 1111 3052 relatoribus

166 3088 269 3152 fidem
285 3086 443 3165 detraho,
467 3087 569 3151 bomo
591 3086 711 3171 procul
726 3088 770 3150 ab
786 3086 905 3151 aulicis
929 3088 1113 3171 mysteriis

165 3195 332 3266 secretus,
355 3186 490 3271 majora
514 3194 615 3269 gesta
637 3187 813 3268 ignorans
835 3188 956 3270 paucis
973 3206 1114 3252 manum

165 3307 316 3371 appono.
368 3287 487 3366 Quare
512 3286 698 3351 verendum
724 3294 789 3363 est,
816 3306 871 3363 ne,
894 3286 975 3350 dum
1003 3288 1112 3352 literae

165 3389 299 3452 distant
339 3389 383 3452 ab
418 3388 524 3451 animi
553 3393 648 3463 voto,
684 3386 796 3449 minor
822 3385 983 3450 videatur
1014 3387 1113 3471 cujus

165 3495 267 3570 gesta
278 3487 389 3551 multa
403 3494 585 3570 praetereo.
617 3484 855 3551 Veruntamen
870 3485 972 3570 hujus
989 3487 1112 3569 culpae,

164 3589 195 3652 si
212 3588 317 3672 culpa
334 3585 481 3651 dicenda
502 3594 567 3664 est,
584 3587 675 3650 bona
692 3585 758 3649 erit
772 3584 864 3668 apud
881 3586 977 3648 illum
992 3586 1112 3669 depre-

164 3689 258 3752 catio
273 3688 333 3772 qui
349 3687 542 3751 meminerit
562 3706 617 3749 me
632 3705 695 3749 nec
709 3685 825 3748 omnia
838 3683 913 3769 ejus
935 3693 1036 3768 gesta
1051 3705 1113 3769 po-

165 3789 275 3852 tuisse
298 3807 412 3866 nosse,
437 3806 501 3851 nec
523 3786 639 3850 omnia
656 3804 734 3868 quae
758 3803 922 3849 noveram
947 3786 1113 3867 scriptum

164 3888 207 3951 iri
220 3887 400 3952 debuisse:
426 3888 572 3952 alterum
596 3884 752 3967 exegerit
766 3903 924 3966 personas
946 3904 1031 3948 meae
1052 3904 1114 3947 ex-

166 3987 271 4066 ilitas,
296 3987 445 4052 alterum
469 3993 633 4051 coactura
653 3985 701 4047 sit
721 3983 929 4047 lecturorum
957 3984 1112 4047 satietas.

168 4084 288 4152 Pauca
308 4088 417 4170 igitur
442 4106 558 4151 rerum
589 4085 665 4168 ejus
690 4082 778 4147 liber
801 4083 856 4146 bic
883 4083 1024 4167 quintus
1050 4102 1114 4146 suo

267 4409 272 4415 x
337 4344 345 4375 ¹
362 4342 495 4407 Exquiri]
512 4342 548 4392 D.
560 4344 611 4402 Ε.;
627 4340 730 4389 omitted
745 4341 772 4388 in
783 4340 817 4391 A.
829 4340 858 4389 S.
872 4340 943 4478 (lg

719 4427 723 4432 “
950 4431 967 4478 S
