3100 5050
266 687 353 727 cnuuell
362 691 384 728 rt

267 738 407 779 vincenter.

270 2306 329 2356 sept.
339 2307 357 2346 1.

127 2413 132 2422 ·
159 2443 162 2448 ,
269 2404 368 2452 separo.

269 2454 319 2493 Earl
329 2454 408 2494 ltebert

269 2505 349 2545 arrives
358 2504 381 2545 ln

270 2567 323 2645 witz
331 2566 370 2645 tllie

270 2667 371 2706 emprerr.

426 492 492 558 724
713 509 885 558 nrsronrn
910 509 1087 559 novenas.
1233 495 1322 576 [mn.
1340 508 1378 556 rr.

426 675 538 747 esset;
562 685 624 732 sen
642 666 806 750 quoniam
821 668 993 746 audirent,
1008 665 1148 749 quidam
1162 665 1267 730 etiam
1284 665 1380 731 vide·

427 775 516 846 rent,
540 767 676 850 gladios
699 769 793 833 circa
821 787 860 833 se
892 767 1026 832 nudari.
1084 766 1168 832 Non
1190 767 1282 832 enim
1303 766 1380 852 jam

426 868 561 934 ludicra
585 875 685 934 erant
699 870 818 946 verba,
833 868 894 934 sed
911 868 954 934 de
970 869 1045 934 vita
1058 875 1094 934 et
1109 869 1279 950 sanguine
1292 887 1380 950 pene

427 970 638 1036 certabatur.
690 968 773 1036 Non
805 969 996 1034 omiserunt
1024 975 1142 1034 tamen
1173 969 1311 1052 legatus
1335 958 1379 1033 'et

427 1069 709 1154 archiepiscopus
723 1069 809 1155 quin
822 1076 977 1135 tenorem
994 1067 1097 1135 officii
1115 1067 1170 1134 sui
1191 1087 1378 1153 proseque-

428 1177 566 1235 rentur:
589 1170 794 1254 snpplieiter
817 1169 908 1234 enim
935 1169 1081 1254 pedibus
1103 1170 1196 1252 regis
1220 1170 1256 1233 in
1282 1170 1378 1234 cubi-

428 1271 509 1336 culo
537 1269 651 1350 affusi,
679 1278 867 1338 oraverunt
894 1276 935 1334 ut
964 1268 1185 1336 misereretur
1210 1270 1377 1348 ecclesiae,

428 1372 648 1436 misereretur
671 1371 797 1437 animae
821 1378 857 1436 et
878 1369 981 1438 famae
1001 1390 1086 1448 suae,
1110 1390 1174 1434 nee
1200 1377 1379 1453 pateretur

427 1472 502 1536 fieri
518 1471 697 1536 dissidium
713 1472 961 1554 interregnum
976 1477 1011 1536 et
1027 1470 1270 1536 sacerdotium.
1312 1471 1378 1537 Ille

427 1573 613 1655 dignanter
635 1573 835 1656 assurgens,
860 1571 1020 1655 quamvis
1045 1591 1068 1636 a
1089 1590 1127 1636 se
1153 1571 1237 1636 facti
1259 1591 1378 1636 eornm

427 1673 628 1738 amoliretur
645 1674 826 1751 invidiam,
849 1672 1019 1738 malorum
1041 1679 1159 1738 tamen
1179 1681 1379 1757 praeventus

426 1772 592 1850 consiliis,
609 1775 742 1840 unllam
753 1776 922 1840 bonorum
936 1772 1203 1858 promissionum
1220 1774 1380 1839 exhibuit

428 1873 627 1940 efficaciam.

429 2063 477 2113 DE
498 2063 671 2114 ADVENTU
696 2066 957 2115 IMPERATRIOIS
982 2067 1026 2114 ΕΤ
1050 2066 1208 2119 ROBER'I'I
1233 2068 1380 2117 couirls

778 2167 817 2215 ΙΝ
840 2166 1016 2215 ANGLIAM.

481 2271 570 2357 §29.
597 2271 768 2338 Kalendis
792 2274 1004 2358 Septembris
1027 2275 1178 2340 solutum
1196 2283 1250 2340 est
1266 2279 1380 2342 conci-

429 2371 523 2438 lium.
575 2373 693 2440 Pridie
709 2394 793 2440 vero
809 2373 1036 2466 kalendarum
1048 2376 1251 2441 Octobrium
1265 2396 1380 2443 comes

431 2474 620 2556 Robertus,
632 2475 770 2541 tandem
787 2495 898 2541 nexus
913 2495 1085 2541 morarum
1099 2476 1287 2556 'eluctatus
1302 2498 1380 2543 cum

429 2595 547 2642 sorore
571 2577 789 2660 imperatrice
815 2578 974 2643 invectus
1004 2584 1058 2643 est
1082 2575 1249 2661 Angliae,
1268 2578 1379 2645 fretus

429 2677 559 2759 pietate
573 2677 641 2742 Dei
655 2686 690 2743 et
708 2677 777 2743 fide
791 2677 938 2761 legitimi
952 2678 1179 2745 sacramenti:
1203 2687 1379 2759 caeterum,

429 2778 540 2843 multo
554 2778 686 2843 minore
701 2797 875 2843 armorum
890 2786 1063 2863 apparatu
1077 2798 1182 2863 quam
1196 2780 1275 2863 quis
1291 2780 1380 2846 alius

418 2884 502 2943 tam
528 2877 759 2962 periculosum
785 2879 913 2948 bellum
943 2879 1087 2963 aggredi
1115 2887 1278 2960 tentaret,
1311 2902 1380 2947 non

429 2978 522 3042 enim
549 2978 732 3063 plusquam
763 2986 902 3045 centum
931 2986 967 3045 et
990 2980 1223 3065 quadraginta
1252 2982 1381 3048 milites

428 3085 514 3144 tunc
541 3098 657 3144 secum
684 3078 845 3145 adduxit.
907 3080 1123 3148 Testimonio
1149 3081 1379 3147 veridicorum

421 3178 621 3271 ‘relatorum
645 3199 759 3245 sermo
787 3199 883 3245 meus
913 3180 1045 3247 nititur.
1109 3182 1282 3262 Dicerem,
1314 3185 1381 3248 nisi

429 3278 584 3344 adulatio
614 3279 902 3360 videretur,·non
932 3280 1100 3365 imparem
1129 3281 1235 3347 fnisse
1265 3276 1380 3348 ¹illnm

429 3377 453 3444 J
456 3378 527 3443 ulio
544 3378 676 3445 Caesari
690 3380 865 3448 duntaxat
881 3382 1007 3461 animo,
1023 3402 1125 3468 quem
1140 3382 1243 3447 Titus
1259 3382 1381 3449 Livius

429 3489 676 3560 commemorat
700 3483 853 3567 quinque
883 3483 995 3547 solum
1025 3482 1184 3547 cohortes
1216 3483 1380 3549 habuisse

429 3582 568 3664 quando
582 3582 683 3647 civile
696 3583 824 3647 bellum
836 3581 1014 3648 inchoavit
1027 3602 1036 3661 ;
1059 3601 1138 3647 eum
1153 3583 1292 3667 quibus,
1311 3578 1380 3649 ²in-

428 3682 563 3763 quiens,
585 3682 703 3746 orbem
725 3690 895 3747 terrarum
921 3682 1063 3747 adortus
1091 3690 1155 3748 est.
1208 3682 1378 3763 Quamvis

428 3782 548 3864 iniqua
574 3782 830 3864 comparatione
854 3781 972 3848 Julius
999 3790 1035 3847 et
1061 3782 1237 3848 Robertus
1263 3786 1379 3851 confe-

428 3890 568 3947 rantur:
592 3881 710 3948 Julius
729 3882 832 3961 enim,
850 3903 941 3949 verae
966 3883 1046 3948 fidei
1068 3883 1232 3963 extorris,
1253 3885 1292 3950 in
1308 3886 1395 3951 for--

428 3988 514 4047 tuna
536 4002 601 4047 sua
621 3981 679 4071 (ut
700 3978 854 4067 dicebat)
879 3990 915 4049 et
939 3984 1114 4067 legionum
1132 3984 1261 4050 virtute
1283 4002 1379 4071 spem

432 4239 445 4266 ⁸
463 4271 904 4405 ¹1um.]n.;0maenus‚n.'
950 4271 1105 4339 mquam]
1117 4272 1259 4323 riunena
1271 4288 1378 4337 appears

427 4344 481 4395 La.
571 4372 575 4379 ι
914 4345 1065 4395 redundant.
