3100 5050
364 451 453 522 '632
600 468 714 521 cnsrs
740 469 869 520 ancon
893 469 1109 520 annuorum
1198 451 1289 534 [crs.
1304 465 1340 514 v.

388 627 505 714 perias
529 624 622 713 dixi)
648 627 833 712 Philippus
858 626 1043 694 accedente
1064 626 1173 703 senio,
1195 623 1339 689 libidine

389 728 520 811 gravis,
530 721 803 811 ¹comitissmqne
817 727 1081 810 Andegavensis
1095 726 1210 810 specie
1227 725 1339 802 lusus,

390 826 520 894 illicitis
537 828 717 894 ardoribus
728 827 962 892 defoeneratus
974 827 1219 892 famulabatur.
1244 823 1342 903 Quo-

391 928 485 992 circa
499 927 543 991 ab
557 929 749 1011 apostolico
764 928 1096 1006 excommunicatus,
1111 946 1189 991 cum
1203 924 1241 988 in
1256 924 1342 989 villa

392 1046 463 1110 qua
484 1028 698 1092 mansitabat
723 1025 810 1092 nihil
833 1026 943 1093 divini
970 1027 1104 1092 servitii
1128 1025 1239 1103 fieret,
1267 1023 1341 1101 sed,

392 1126 590 1192 discedente
604 1147 658 1205 eo,
674 1127 821 1192 tinnitus
843 1127 1020 1208 signorum
1033 1125 1186 1208 undique
1201 1143 1343 1188 concre-

393 1234 530 1310 parent,
552 1226 720 1291 insulsam
745 1225 943 1291 fatuitatem
965 1225 1142 1291 cachinnis
1167 1224 1343 1307 exprime-

394 1327 476 1408 bat;
499 1325 658 1404 ‘Audis’
673 1327 845 1408 inquiens,
861 1325 974 1390 ‘bella
989 1325 1162 1409 quomodo
1176 1343 1241 1388 nos
1258 1323 1352 1388 effu.

366 1415 373 1422 ’
395 1425 523 1510 ganti’
573 1424 673 1490 Adeo
688 1432 763 1490 erat
780 1425 939 1489 omnihus
962 1425 1136 1509 episcopis
1153 1423 1346 1507 provinciae

395 1545 469 1590 suae
495 1525 636 1603 derisui,
657 1533 697 1590 ut
724 1525 841 1588 nullus
867 1544 927 1589 cos
949 1523 1176 1609 desponsaret
1198 1517 1347 1606 ²praeter

395 1625 610 1690 Willelmnm
628 1625 926 1707 archiepiscopum
944 1623 1259 1707 Rotomagensem3
1283 1643 1346 1686 cu-

392 1724 453 1809 jus
467 1723 551 1789 facti
567 1725 798 1789 temeritatem
806 1723 871 1788 luit
880 1724 998 1788 multis
1013 1725 1114 1792 annis
1128 1723 1348 1800 interdictae,

397 1830 433 1888 et
443 1823 505 1888 vix
520 1823 660 1888 tandem
676 1823 864 1906 abqnaudo
878 1843 940 1906 per
954 1820 1157 1888 Anselmum
1175 1823 1349 1906 archiepi-

397 1941 540 2006 scopum
565 1923 767 2006 apostolicae
790 1923 1022 1987 communioni
1043 1923 1210 1988 redditus,
1264 1921 1350 1986 Phi-

397 2021 493 2106 lippo
508 2023 641 2087 interea
666 2023 763 2086 nulla
782 2040 879 2086 mora
902 2023 1034 2087 insanae
1053 2023 1267 2088 temulentiae
1289 2041 1349 2086 sa-

397 2123 556 2186 tietatem
577 2121 670 2200 iecit,
688 2122 754 2185 nisi
770 2121 876 2205 quod,
899 2121 936 2184 in
961 2130 1117 2187 extremo
1131 2123 1213 2187 vitae
1230 2127 1348 2186 tactus

397 2222 529 2299 morbo,
544 2215 800 2285 ³monachicurn
815 2220 910 2304 apud
927 2222 1124 2286 Floriacum
1135 2223 1270 2305 accepit
1286 2221 1350 2284 ha-

397 2321 526 2385 bitum:
549 2320 728 2404 pulchrius
744 2328 781 2384 et
797 2320 1008 2386 fortunatius
1029 2322 1102 2396 illa,
1127 2321 1220 2404 quod
1242 2328 1349 2387 aetate
1427 2382 1430 2405 ‚

398 2427 435 2485 ct
449 2421 599 2485 sanitate
616 2421 764 2502 integra,
779 2440 842 2485 nec
858 2421 971 2504 specie
987 2430 1126 2505 rugata,
1141 2422 1233 2505 apud
1252 2422 1348 2486 Fon-

399 2528 469 2585 tem
483 2519 626 2585 Erraldi
639 2521 952 2586 sanctimonialium
967 2523 1114 2606 appetiit
1129 2522 1244 2587 velum
1256 2543 1265 2604 ;
1283 2543 1349 2587 nec

399 2619 509 2684 multo
524 2627 605 2702 post
625 2620 789 2703 praesenti
806 2621 888 2686 vitae
902 2622 980 2686 vale
996 2622 1089 2701 fecit,
1108 2624 1185 2688 Deo
1200 2622 1349 2687 forsitan

399 2720 603 2801 providente
630 2740 699 2784 non
727 2740 830 2803 posse
857 2721 1015 2787 delicatae
1039 2722 1191 2788 mulieris
1222 2741 1351 2806 corpus

398 2818 576 2900 religionis
590 2819 766 2884 laboribus
781 2820 959 2887 inservire.
1138 2878 1142 2888 ,

297 2992 310 3020 ⁰
342 2958 348 2971 ·
451 2917 559 3001 5405.
582 2915 632 2983 At
652 2939 735 2983 vero
762 2918 969 2985 Lodowicus
994 2920 1086 2984 filius
1109 2920 1266 3005 Philippi
1288 2940 1351 2986 va-

398 3016 487 3081 rium
501 3037 539 3082 se
554 3018 731 3100 praestitit,
746 3019 784 3082 in
806 3028 931 3083 neutra
953 3027 1052 3103 parte
1068 3021 1156 3084 bene
1171 3029 1356 3091 constans„

399 3116 519 3181 Primo
542 3119 633 3181 enim
649 3126 804 3201 tempore
821 3119 990 3202 plurimus
1007 3121 1044 3184 in
1058 3119 1202 3185 fratrem
1216 3121 1350 3185 irarum

398 3224 521 3281 auctor
536 3215 693 3282 Henrico
717 3217 763 3281 ad
779 3218 984 3301 capiendam
999 3219 1252 3285 Normanniam
1272 3221 1352 3300 ibit,

396 3323 580 3399 corruptus
604 3316 766 3383 videlicet
798 3316 994 3400 Anglorum
1021 3320 1143 3403 spohis
1174 3328 1210 3386 et
1239 3322 1357 3387 multo,

431 3555 635 3619 mentumque
653 3554 857 3623 ludgunensis]

397 3625 860 3689 Bertrade‚iourthwileoiFoulques
920 3626 1110 3679 'Monetam
1128 3632 1193 3695 pau
1210 3632 1353 3687 Hminem

397 3696 446 3755 IV,
455 3695 509 3744 earl
518 3694 547 3743 ol
554 3696 649 3757 Anjou.
884 3700 976 3763 accepit
986 3694 1117 3767 hobitum]
1135 3702 1268 3765 Although
1283 3706 1354 3769 King

431 3761 552 3814 'Praeter
574 3765 724 3815 Wittetaem
741 3766 862 3831 archiepi-
886 3769 1006 3832 Philippe
1025 3785 1043 3819 a
1058 3769 1109 3819 few
1119 3786 1194 3832 years
1210 3772 1297 3823 before
1314 3776 1355 3825 his

396 3849 492 3898 nepum
511 3835 729 3897 memma]
755 3837 860 3887 Orderi·
885 3838 962 3888 death
974 3840 1130 3889 entertained
1147 3855 1215 3891 some
1230 3845 1317 3893 uotion
1328 3846 1358 3894 of

396 3918 444 3953 cns
454 3905 547 3954 Vitalis
564 3906 698 3955 attributes
715 3906 766 3954 tbis
784 3912 825 3955 act
836 3911 861 3955 to
885 3909 1030 3970 embracing
1046 3923 1063 3957 a
1078 3912 1201 3961 monastic
1212 3912 1268 3975 lise,
1284 3929 1314 3964 as
1331 3916 1354 3964 is

397 3973 456 4023 Odo
463 3974 554 4037 bisbop
561 3974 590 4025 oi
597 3974 721 4037 Bayeux;
733 3976 780 4024 but
788 3976 861 4038 Pope
886 3991 946 4027 seen
956 3978 984 4025 iu
994 3977 1037 4028 the
1049 3980 1139 4041 epistle
1151 3982 1253 4031 written
1263 3988 1291 4032 to
1301 3984 1355 4035 him

396 4044 486 4093 Urban
513 4044 553 4107 ΙΙ,
587 4044 615 4095 in
646 4044 687 4095 his
714 4045 808 4105 epistle
835 4050 861 4094 to
884 4048 920 4109 hy
932 4048 1013 4111 Hugh
1032 4048 1109 4099 abbot
1124 4047 1154 4099 oi
1169 4050 1258 4114 Cluui,
1273 4057 1319 4115 yet
1335 4055 1357 4103 it

396 4111 516 4175 Raynald
534 4114 684 4178 arebbisbop
702 4114 731 4164 of
747 4113 861 4176 Rheims,
885 4132 994 4180 appears
1005 4116 1060 4167 that
1070 4118 1102 4168 he
1113 4134 1190 4169 never
1199 4123 1302 4173 carned
1313 4124 1356 4175 his

338 4230 340 4234 .
396 4184 509 4302 gabes
530 4186 552 4235 it
573 4188 600 4235 to
622 4185 699 4236 Ursio
720 4183 811 4249 bisbop
835 4185 865 4235 ol
886 4186 976 4250 design
987 4186 1132 4239 intoeffect.
