<?xml version="1.0" encoding="UTF-8"?>
<!DOCTYPE html PUBLIC "-//W3C//DTD XHTML 1.0 Transitional//EN"
    "http://www.w3.org/TR/xhtml1/DTD/xhtml1-transitional.dtd">
<html xmlns="http://www.w3.org/1999/xhtml" xml:lang="en" lang="en">
 <head>
  <title>
</title>
<meta http-equiv="Content-Type" content="text/html;charset=utf-8" />
  <meta name='ocr-system' content='tesseract 3.04.00' />
  <meta name='ocr-capabilities' content='ocr_page ocr_carea ocr_par ocr_line ocrx_word'/>
</head>
<body>
  <div class='ocr_page' id='page_1' title='image "./willelmimalmesb02willgoog_0383.png"; bbox 0 0 3100 5050; ppageno 0'>
   <div class='ocr_carea' id='block_1_1' title="bbox 196 449 1147 530">
    <p class='ocr_par' dir='ltr' id='par_1_1' title="bbox 196 449 1147 530">
     <span class='ocr_line' id='line_1_1' title="bbox 196 449 1147 530; baseline 0.013 -22"><span class='ocrx_word' id='word_1_1' title='bbox 196 463 264 510; x_wconf 79' lang='lat' dir='ltr'><strong>nra.</strong></span> <span class='ocrx_word' id='word_1_2' title='bbox 282 449 354 530; x_wconf 76' lang='lat' dir='ltr'><strong>un]</strong></span> <span class='ocrx_word' id='word_1_3' title='bbox 486 467 659 518; x_wconf 76' lang='lat' dir='ltr'><strong>ursroarr</strong></span> <span class='ocrx_word' id='word_1_4' title='bbox 682 469 859 517; x_wconf 74' lang='lat' dir='ltr'><strong>novrum.</strong></span> <span class='ocrx_word' id='word_1_5' title='bbox 1081 453 1147 522; x_wconf 80' lang='grc'><strong>763</strong></span> 
     </span>
    </p>
   </div>
   <div class='ocr_carea' id='block_1_2' title="bbox 194 622 1145 907">
    <p class='ocr_par' dir='ltr' id='par_1_2' title="bbox 194 622 1145 907">
     <span class='ocr_line' id='line_1_2' title="bbox 195 622 1145 711; baseline 0.005 -24"><span class='ocrx_word' id='word_1_6' title='bbox 195 622 309 688; x_wconf 87' lang='lat' dir='ltr'><strong>solida</strong></span> <span class='ocrx_word' id='word_1_7' title='bbox 339 626 486 691; x_wconf 88' lang='lat' dir='ltr'><strong>veritate</strong></span> <span class='ocrx_word' id='word_1_8' title='bbox 516 625 714 693; x_wconf 86' lang='lat' dir='ltr'><strong>subsistere.</strong></span> <span class='ocrx_word' id='word_1_9' title='bbox 772 627 826 692; x_wconf 88' lang='lat' dir='ltr'><strong>Ea</strong></span> <span class='ocrx_word' id='word_1_10' title='bbox 851 647 965 711; x_wconf 89' lang='lat' dir='ltr'><strong>porro,</strong></span> <span class='ocrx_word' id='word_1_11' title='bbox 998 628 1145 710; x_wconf 84' lang='lat' dir='ltr'><strong>quaeda</strong></span> 
     </span>
     <span class='ocr_line' id='line_1_3' title="bbox 194 725 1144 838; baseline 0.007 -51"><span class='ocrx_word' id='word_1_12' title='bbox 194 725 359 838; x_wconf 74' lang='lat' dir='ltr'><strong>praesenti</strong></span> <span class='ocrx_word' id='word_1_13' title='bbox 381 745 472 792; x_wconf 88' lang='lat' dir='ltr'><strong>anno</strong></span> <span class='ocrx_word' id='word_1_14' title='bbox 485 727 631 792; x_wconf 89' lang='lat' dir='ltr'><strong>dicenda</strong></span> <span class='ocrx_word' id='word_1_15' title='bbox 652 735 746 806; x_wconf 89' lang='lat' dir='ltr'><strong>sunt,</strong></span> <span class='ocrx_word' id='word_1_16' title='bbox 768 728 834 793; x_wconf 87' lang='lat' dir='ltr'><strong>hoe</strong></span> <span class='ocrx_word' id='word_1_17' title='bbox 857 729 1032 794; x_wconf 86' lang='lat' dir='ltr'><strong>habebunt</strong></span> <span class='ocrx_word' id='word_1_18' title='bbox 1049 729 1144 811; x_wconf 89' lang='lat' dir='ltr'><strong>prin·</strong></span> 
     </span>
     <span class='ocr_line' id='line_1_4' title="bbox 194 843 332 907; baseline 0.022 -20"><span class='ocrx_word' id='word_1_19' title='bbox 194 843 332 907; x_wconf 77' lang='lat' dir='ltr'><strong>ciprum.</strong></span> 
     </span>
    </p>
   </div>
   <div class='ocr_carea' id='block_1_3' title="bbox 255 1015 1080 1164">
    <p class='ocr_par' dir='ltr' id='par_1_3' title="bbox 255 1015 1080 1164">
     <span class='ocr_line' id='line_1_5' title="bbox 255 1015 1080 1065; baseline 0.004 -3"><span class='ocrx_word' id='word_1_20' title='bbox 255 1016 470 1065; x_wconf 76' lang='lat' dir='ltr'><strong>rnaerarus</strong></span> <span class='ocrx_word' id='word_1_21' title='bbox 493 1018 542 1065; x_wconf 84' lang='lat' dir='ltr'><strong>ur</strong></span> <span class='ocrx_word' id='word_1_22' title='bbox 566 1017 635 1065; x_wconf 80' lang='lat' dir='ltr'><strong>rao</strong></span> <span class='ocrx_word' id='word_1_23' title='bbox 658 1016 794 1063; x_wconf 85' lang='lat' dir='ltr'><strong>conrrn</strong></span> <span class='ocrx_word' id='word_1_24' title='bbox 816 1015 1080 1065; x_wconf 75' lang='lat' dir='ltr'><strong>sunnervnusn</strong></span> 
     </span>
     <span class='ocr_line' id='line_1_6' title="bbox 548 1081 798 1164; baseline 0 0"><span class='ocrx_word' id='word_1_25' title='bbox 548 1081 798 1164; x_wconf 75' lang='lat' dir='ltr'><strong>mrundsrua.</strong></span> 
     </span>
    </p>
   </div>
   <div class='ocr_carea' id='block_1_4' title="bbox 192 1224 1304 2613">
    <p class='ocr_par' dir='ltr' id='par_1_4' title="bbox 192 1224 1304 2613">
     <span class='ocr_line' id='line_1_7' title="bbox 247 1224 1280 1309; baseline -0.005 -18"><span class='ocrx_word' id='word_1_26' title='bbox 247 1225 265 1309; x_wconf 86' lang='lat'>§</span> <span class='ocrx_word' id='word_1_27' title='bbox 278 1224 333 1290; x_wconf 89' lang='lat'><strong>66.</strong></span> <span class='ocrx_word' id='word_1_28' title='bbox 358 1225 525 1308; x_wconf 86' lang='lat' dir='ltr'><strong>Utraeque</strong></span> <span class='ocrx_word' id='word_1_29' title='bbox 540 1234 668 1308; x_wconf 88' lang='lat' dir='ltr'><strong>partes,</strong></span> <span class='ocrx_word' id='word_1_30' title='bbox 690 1226 918 1309; x_wconf 79' lang='lat' dir='ltr'><strong>imperatricis</strong></span> <span class='ocrx_word' id='word_1_31' title='bbox 937 1232 971 1292; x_wconf 90' lang='lat' dir='ltr'><strong>et</strong></span> <span class='ocrx_word' id='word_1_32' title='bbox 985 1227 1089 1308; x_wconf 85' lang='lat' dir='ltr'><strong>regis,</strong></span> <span class='ocrx_word' id='word_1_33' title='bbox 1105 1247 1143 1292; x_wconf 90' lang='lat' dir='ltr'><strong>se</strong></span> <span class='ocrx_word' id='word_1_34' title='bbox 1156 1246 1280 1296; x_wconf 64' lang='lat' dir='ltr'><strong>neem</strong></span> 
     </span>
     <span class='ocr_line' id='line_1_8' title="bbox 194 1297 1304 1408; baseline 0.001 -18"><span class='ocrx_word' id='word_1_35' title='bbox 194 1345 274 1390; x_wconf 90' lang='lat' dir='ltr'><strong>cnm</strong></span> <span class='ocrx_word' id='word_1_36' title='bbox 289 1326 415 1408; x_wconf 86' lang='lat' dir='ltr'><strong>quietis</strong></span> <span class='ocrx_word' id='word_1_37' title='bbox 432 1325 602 1391; x_wconf 90' lang='lat' dir='ltr'><strong>modestia</strong></span> <span class='ocrx_word' id='word_1_38' title='bbox 624 1333 770 1407; x_wconf 83' lang='lat' dir='ltr'><strong>egerunt</strong></span> <span class='ocrx_word' id='word_1_39' title='bbox 787 1345 809 1389; x_wconf 93' lang='lat' dir='ltr'><strong>a</strong></span> <span class='ocrx_word' id='word_1_40' title='bbox 824 1324 947 1393; x_wconf 89' lang='lat' dir='ltr'><strong>Natali</strong></span> <span class='ocrx_word' id='word_1_41' title='bbox 965 1345 1075 1408; x_wconf 91' lang='lat' dir='ltr'><strong>usque</strong></span> <span class='ocrx_word' id='word_1_42' title='bbox 1097 1327 1142 1391; x_wconf 92' lang='lat' dir='ltr'><strong>ad</strong></span> <span class='ocrx_word' id='word_1_43' title='bbox 1155 1297 1192 1337; x_wconf 44' lang='grc' dir='ltr'><strong>ω’</strong></span> <span class='ocrx_word' id='word_1_44' title='bbox 1204 1307 1304 1347; x_wconf 57' lang='lat' dir='ltr'><strong>‘mm</strong></span> 
     </span>
     <span class='ocr_line' id='line_1_9' title="bbox 196 1425 1143 1508; baseline 0.002 -20"><span class='ocrx_word' id='word_1_45' title='bbox 196 1425 520 1508; x_wconf 82' lang='lat' dir='ltr'><strong>Quadragesimam,</strong></span> <span class='ocrx_word' id='word_1_46' title='bbox 529 1425 641 1508; x_wconf 81' lang='lat' dir='ltr'><strong>magis</strong></span> <span class='ocrx_word' id='word_1_47' title='bbox 651 1445 714 1489; x_wconf 91' lang='lat' dir='ltr'><strong>sua</strong></span> <span class='ocrx_word' id='word_1_48' title='bbox 729 1425 902 1491; x_wconf 89' lang='lat' dir='ltr'><strong>custodire</strong></span> <span class='ocrx_word' id='word_1_49' title='bbox 913 1445 1018 1508; x_wconf 91' lang='lat' dir='ltr'><strong>quam</strong></span> <span class='ocrx_word' id='word_1_50' title='bbox 1030 1427 1143 1491; x_wconf 90' lang='lat' dir='ltr'><strong>aliena</strong></span> 
     </span>
     <span class='ocr_line' id='line_1_10' title="bbox 195 1526 1142 1608; baseline 0.005 -20"><span class='ocrx_word' id='word_1_51' title='bbox 195 1527 373 1590; x_wconf 85' lang='lat' dir='ltr'><strong>incursare</strong></span> <span class='ocrx_word' id='word_1_52' title='bbox 393 1527 593 1590; x_wconf 87' lang='lat' dir='ltr'><strong>studentes:</strong></span> <span class='ocrx_word' id='word_1_53' title='bbox 621 1546 683 1589; x_wconf 84' lang='lat' dir='ltr'><strong>rex</strong></span> <span class='ocrx_word' id='word_1_54' title='bbox 707 1527 744 1589; x_wconf 92' lang='lat' dir='ltr'><strong>in</strong></span> <span class='ocrx_word' id='word_1_55' title='bbox 765 1526 959 1608; x_wconf 83' lang='lat' dir='ltr'>superiores</span> <span class='ocrx_word' id='word_1_56' title='bbox 984 1527 1142 1608; x_wconf 84' lang='lat' dir='ltr'>regiones</span> 
     </span>
     <span class='ocr_line' id='line_1_11' title="bbox 195 1626 1141 1709; baseline 0 -19"><span class='ocrx_word' id='word_1_57' title='bbox 195 1627 375 1704; x_wconf 85' lang='lat' dir='ltr'><strong>abscessit,</strong></span> <span class='ocrx_word' id='word_1_58' title='bbox 392 1627 600 1708; x_wconf 80' lang='lat' dir='ltr'><strong>nescioquas</strong></span> <span class='ocrx_word' id='word_1_59' title='bbox 616 1626 882 1708; x_wconf 81' lang='lat' dir='ltr'><strong>compositurus,</strong></span> <span class='ocrx_word' id='word_1_60' title='bbox 933 1626 1141 1709; x_wconf 88' lang='lat' dir='ltr'><strong>Superveni-</strong></span> 
     </span>
     <span class='ocr_line' id='line_1_12' title="bbox 194 1719 1142 1809; baseline 0.001 -20"><span class='ocrx_word' id='word_1_61' title='bbox 194 1746 256 1790; x_wconf 86' lang='lat' dir='ltr'><strong>ens</strong></span> <span class='ocrx_word' id='word_1_62' title='bbox 269 1725 546 1809; x_wconf 84' lang='lat' dir='ltr'><strong>Quadragesima</strong></span> <span class='ocrx_word' id='word_1_63' title='bbox 559 1727 716 1789; x_wconf 93' lang='lat' dir='ltr'><strong>omnibus</strong></span> <span class='ocrx_word' id='word_1_64' title='bbox 733 1719 952 1789; x_wconf 87' lang='lat' dir='ltr'><strong>¹vacaturam</strong></span> <span class='ocrx_word' id='word_1_65' title='bbox 973 1725 1142 1790; x_wconf 90' lang='lat' dir='ltr'><strong>bellorum</strong></span> 
     </span>
     <span class='ocr_line' id='line_1_13' title="bbox 193 1827 1141 1909; baseline 0.001 -19"><span class='ocrx_word' id='word_1_66' title='bbox 193 1827 342 1908; x_wconf 82' lang='lat' dir='ltr'><strong>indixit3</strong></span> <span class='ocrx_word' id='word_1_67' title='bbox 366 1845 435 1909; x_wconf 91' lang='lat' dir='ltr'><strong>qna</strong></span> <span class='ocrx_word' id='word_1_68' title='bbox 454 1827 642 1904; x_wconf 87' lang='lat' dir='ltr'><strong>mediante,</strong></span> <span class='ocrx_word' id='word_1_69' title='bbox 671 1827 874 1908; x_wconf 83' lang='lat' dir='ltr'><strong>imperatrix</strong></span> <span class='ocrx_word' id='word_1_70' title='bbox 899 1845 976 1889; x_wconf 91' lang='lat' dir='ltr'><strong>cum</strong></span> <span class='ocrx_word' id='word_1_71' title='bbox 1002 1828 1074 1889; x_wconf 89' lang='lat' dir='ltr'><strong>suis</strong></span> <span class='ocrx_word' id='word_1_72' title='bbox 1097 1828 1141 1891; x_wconf 90' lang='lat' dir='ltr'><strong>ad</strong></span> 
     </span>
     <span class='ocr_line' id='line_1_14' title="bbox 195 1919 1141 2011; baseline -0.001 -20"><span class='ocrx_word' id='word_1_73' title='bbox 195 1926 338 1991; x_wconf 88' lang='lat' dir='ltr'><strong>Divisas</strong></span> <span class='ocrx_word' id='word_1_74' title='bbox 354 1927 461 2005; x_wconf 89' lang='lat' dir='ltr'><strong>venit,</strong></span> <span class='ocrx_word' id='word_1_75' title='bbox 484 1925 555 1990; x_wconf 92' lang='lat' dir='ltr'><strong>illic</strong></span> <span class='ocrx_word' id='word_1_76' title='bbox 577 1926 778 2011; x_wconf 85' lang='lat' dir='ltr'><strong>mysterium</strong></span> <span class='ocrx_word' id='word_1_77' title='bbox 801 1925 935 1990; x_wconf 89' lang='lat' dir='ltr'><strong>consilii</strong></span> <span class='ocrx_word' id='word_1_78' title='bbox 950 1919 1046 1989; x_wconf 82' lang='lat' dir='ltr'><strong>²cum</strong></span> <span class='ocrx_word' id='word_1_79' title='bbox 1069 1926 1141 1990; x_wconf 89' lang='lat' dir='ltr'><strong>suis</strong></span> 
     </span>
     <span class='ocr_line' id='line_1_15' title="bbox 193 2025 1142 2111; baseline 0.001 -21"><span class='ocrx_word' id='word_1_80' title='bbox 193 2027 374 2093; x_wconf 86' lang='lat' dir='ltr'><strong>habitura:</strong></span> <span class='ocrx_word' id='word_1_81' title='bbox 399 2027 491 2111; x_wconf 91' lang='lat' dir='ltr'><strong>quod</strong></span> <span class='ocrx_word' id='word_1_82' title='bbox 507 2034 623 2091; x_wconf 89' lang='lat' dir='ltr'><strong>tamen</strong></span> <span class='ocrx_word' id='word_1_83' title='bbox 640 2033 785 2090; x_wconf 87' lang='lat' dir='ltr'><strong>eatenus</strong></span> <span class='ocrx_word' id='word_1_84' title='bbox 800 2026 886 2089; x_wconf 84' lang='lat' dir='ltr'><strong>exiit</strong></span> <span class='ocrx_word' id='word_1_85' title='bbox 899 2025 935 2088; x_wconf 91' lang='lat' dir='ltr'><strong>in</strong></span> <span class='ocrx_word' id='word_1_86' title='bbox 950 2027 1088 2107; x_wconf 78' lang='lat' dir='ltr'><strong>vulgae,</strong></span> <span class='ocrx_word' id='word_1_87' title='bbox 1101 2034 1142 2091; x_wconf 91' lang='lat' dir='ltr'><strong>ut</strong></span> 
     </span>
     <span class='ocr_line' id='line_1_16' title="bbox 193 2118 1142 2209; baseline -0.002 -17"><span class='ocrx_word' id='word_1_88' title='bbox 193 2128 340 2192; x_wconf 87' lang='lat' dir='ltr'><strong>sciretur</strong></span> <span class='ocrx_word' id='word_1_89' title='bbox 366 2129 524 2192; x_wconf 89' lang='lat' dir='ltr'><strong>omnibus</strong></span> <span class='ocrx_word' id='word_1_90' title='bbox 554 2125 747 2190; x_wconf 87' lang='lat' dir='ltr'><strong>fautoribus</strong></span> <span class='ocrx_word' id='word_1_91' title='bbox 772 2118 866 2209; x_wconf 82' lang='lat' dir='ltr'><strong>³ejus</strong></span> <span class='ocrx_word' id='word_1_92' title='bbox 899 2126 1142 2209; x_wconf 86' lang='lat' dir='ltr'><strong>complacitum</strong></span> 
     </span>
     <span class='ocr_line' id='line_1_17' title="bbox 193 2226 1143 2314; baseline 0.001 -24"><span class='ocrx_word' id='word_1_93' title='bbox 193 2236 365 2311; x_wconf 85' lang='lat' dir='ltr'><strong>qnatenus</strong></span> <span class='ocrx_word' id='word_1_94' title='bbox 382 2247 445 2311; x_wconf 90' lang='lat' dir='ltr'><strong>pro</strong></span> <span class='ocrx_word' id='word_1_95' title='bbox 460 2227 585 2292; x_wconf 89' lang='lat' dir='ltr'><strong>comite</strong></span> <span class='ocrx_word' id='word_1_96' title='bbox 599 2226 844 2314; x_wconf 80' lang='lat' dir='ltr'><strong>Andagavensi</strong></span> <span class='ocrx_word' id='word_1_97' title='bbox 861 2227 1066 2305; x_wconf 85' lang='lat' dir='ltr'><strong>mitteretur,</strong></span> <span class='ocrx_word' id='word_1_98' title='bbox 1081 2228 1143 2309; x_wconf 93' lang='lat' dir='ltr'><strong>qui</strong></span> 
     </span>
     <span class='ocr_line' id='line_1_18' title="bbox 194 2326 1140 2413; baseline -0.002 -21"><span class='ocrx_word' id='word_1_99' title='bbox 194 2328 352 2413; x_wconf 82' lang='lat' dir='ltr'><strong>conjugis</strong></span> <span class='ocrx_word' id='word_1_100' title='bbox 376 2334 411 2392; x_wconf 92' lang='lat' dir='ltr'><strong>et</strong></span> <span class='ocrx_word' id='word_1_101' title='bbox 433 2327 581 2391; x_wconf 91' lang='lat' dir='ltr'><strong>filiorum</strong></span> <span class='ocrx_word' id='word_1_102' title='bbox 598 2326 836 2390; x_wconf 84' lang='lat' dir='ltr'><strong>haereditatem</strong></span> <span class='ocrx_word' id='word_1_103' title='bbox 858 2327 894 2389; x_wconf 89' lang='lat' dir='ltr'><strong>in</strong></span> <span class='ocrx_word' id='word_1_104' title='bbox 912 2326 1043 2408; x_wconf 85' lang='lat' dir='ltr'><strong>Anglia</strong></span> <span class='ocrx_word' id='word_1_105' title='bbox 1060 2327 1140 2410; x_wconf 84' lang='lat' dir='ltr'><strong>jure</strong></span> 
     </span>
     <span class='ocr_line' id='line_1_19' title="bbox 192 2426 1141 2508; baseline -0.002 -16"><span class='ocrx_word' id='word_1_106' title='bbox 192 2429 401 2492; x_wconf 84' lang='lat' dir='ltr'><strong>defensitare</strong></span> <span class='ocrx_word' id='word_1_107' title='bbox 416 2427 567 2491; x_wconf 89' lang='lat' dir='ltr'><strong>deberet.</strong></span> <span class='ocrx_word' id='word_1_108' title='bbox 620 2426 721 2490; x_wconf 92' lang='lat' dir='ltr'><strong>Missi</strong></span> <span class='ocrx_word' id='word_1_109' title='bbox 735 2433 818 2490; x_wconf 87' lang='lat' dir='ltr'><strong>sunt</strong></span> <span class='ocrx_word' id='word_1_110' title='bbox 834 2445 917 2507; x_wconf 85' lang='lat' dir='ltr'><strong>ergo</strong></span> <span class='ocrx_word' id='word_1_111' title='bbox 934 2428 1141 2508; x_wconf 84' lang='lat' dir='ltr'><strong>spectabiles</strong></span> 
     </span>
     <span class='ocr_line' id='line_1_20' title="bbox 193 2529 1140 2613; baseline -0.004 -19"><span class='ocrx_word' id='word_1_112' title='bbox 193 2530 271 2608; x_wconf 88' lang='lat' dir='ltr'><strong>viri,</strong></span> <span class='ocrx_word' id='word_1_113' title='bbox 289 2535 325 2594; x_wconf 90' lang='lat' dir='ltr'><strong>et</strong></span> <span class='ocrx_word' id='word_1_114' title='bbox 340 2530 402 2613; x_wconf 92' lang='lat' dir='ltr'><strong>qui</strong></span> <span class='ocrx_word' id='word_1_115' title='bbox 417 2529 540 2593; x_wconf 89' lang='lat' dir='ltr'><strong>merito</strong></span> <span class='ocrx_word' id='word_1_116' title='bbox 557 2535 665 2593; x_wconf 82' lang='lat' dir='ltr'><strong>tantae</strong></span> <span class='ocrx_word' id='word_1_117' title='bbox 680 2529 729 2591; x_wconf 90' lang='lat' dir='ltr'><strong>rei</strong></span> <span class='ocrx_word' id='word_1_118' title='bbox 743 2546 861 2591; x_wconf 89' lang='lat' dir='ltr'><strong>curam</strong></span> <span class='ocrx_word' id='word_1_119' title='bbox 875 2535 1140 2609; x_wconf 86' lang='lat' dir='ltr'><strong>exequerentur.</strong></span> 
     </span>
    </p>
   </div>
   <div class='ocr_carea' id='block_1_5' title="bbox 443 2716 896 2765">
    <p class='ocr_par' dir='ltr' id='par_1_5' title="bbox 443 2716 896 2765">
     <span class='ocr_line' id='line_1_21' title="bbox 443 2716 896 2765; baseline 0.004 -2"><span class='ocrx_word' id='word_1_120' title='bbox 443 2718 491 2764; x_wconf 83' lang='lat' dir='ltr'><strong>DE</strong></span> <span class='ocrx_word' id='word_1_121' title='bbox 513 2717 755 2765; x_wconf 81' lang='lat' dir='ltr'><strong>INFIRMITATE</strong></span> <span class='ocrx_word' id='word_1_122' title='bbox 780 2716 896 2765; x_wconf 84' lang='lat' dir='ltr'><strong>REGIS.</strong></span> 
     </span>
    </p>
   </div>
   <div class='ocr_carea' id='block_1_6' title="bbox 189 2817 1304 3707">
    <p class='ocr_par' dir='ltr' id='par_1_6' title="bbox 190 2817 1304 3505">
     <span class='ocr_line' id='line_1_22' title="bbox 235 2817 1304 2909; baseline 0.002 -20"><span class='ocrx_word' id='word_1_123' title='bbox 235 2824 317 2909; x_wconf 80' lang='lat'><strong>§67.</strong></span> <span class='ocrx_word' id='word_1_124' title='bbox 328 2824 411 2890; x_wconf 88' lang='lat' dir='ltr'><strong>Non</strong></span> <span class='ocrx_word' id='word_1_125' title='bbox 420 2826 529 2890; x_wconf 87' lang='lat' dir='ltr'><strong>multo</strong></span> <span class='ocrx_word' id='word_1_126' title='bbox 540 2833 632 2908; x_wconf 90' lang='lat' dir='ltr'><strong>post,</strong></span> <span class='ocrx_word' id='word_1_127' title='bbox 642 2826 679 2888; x_wconf 93' lang='lat' dir='ltr'><strong>in</strong></span> <span class='ocrx_word' id='word_1_128' title='bbox 688 2826 773 2907; x_wconf 89' lang='lat' dir='ltr'><strong>ipsis</strong></span> <span class='ocrx_word' id='word_1_129' title='bbox 782 2817 1024 2888; x_wconf 77' lang='lat' dir='ltr'><strong>⁴Paschalibus</strong></span> <span class='ocrx_word' id='word_1_130' title='bbox 1035 2823 1141 2901; x_wconf 89' lang='lat' dir='ltr'><strong>seriis,</strong></span> <span class='ocrx_word' id='word_1_131' title='bbox 1153 2838 1304 2891; x_wconf 71' lang='lat' dir='ltr'><strong>Indinrorition</strong></span> 
     </span>
     <span class='ocr_line' id='line_1_23' title="bbox 192 2892 1287 3010; baseline -0.001 -21"><span class='ocrx_word' id='word_1_132' title='bbox 192 2945 322 3007; x_wconf 83' lang='lat' dir='ltr'><strong>regem,</strong></span> <span class='ocrx_word' id='word_1_133' title='bbox 338 2925 498 3008; x_wconf 86' lang='lat' dir='ltr'><strong>quaedam</strong></span> <span class='ocrx_word' id='word_1_134' title='bbox 514 2923 571 3010; x_wconf 91' lang='lat' dir='ltr'><strong>(ut</strong></span> <span class='ocrx_word' id='word_1_135' title='bbox 584 2922 700 3010; x_wconf 87' lang='lat' dir='ltr'><strong>aiunt)</strong></span> <span class='ocrx_word' id='word_1_136' title='bbox 709 2925 797 2989; x_wconf 92' lang='lat' dir='ltr'><strong>dura</strong></span> <span class='ocrx_word' id='word_1_137' title='bbox 812 2925 1047 3000; x_wconf 87' lang='lat' dir='ltr'><strong>meditantem,</strong></span> <span class='ocrx_word' id='word_1_138' title='bbox 1061 2944 1141 3005; x_wconf 80' lang='lat' dir='ltr'><strong>gra·</strong></span> <span class='ocrx_word' id='word_1_139' title='bbox 1154 2892 1287 2942; x_wconf 53' lang='lat' dir='ltr'><strong>‘&#39;mm‘&#39;</strong></span> 
     </span>
     <span class='ocr_line' id='line_1_24' title="bbox 192 3023 1141 3107; baseline -0.003 -17"><span class='ocrx_word' id='word_1_140' title='bbox 192 3026 247 3090; x_wconf 87' lang='lat' dir='ltr'><strong>vis</strong></span> <span class='ocrx_word' id='word_1_141' title='bbox 271 3025 525 3089; x_wconf 90' lang='lat' dir='ltr'><strong>incommodum</strong></span> <span class='ocrx_word' id='word_1_142' title='bbox 558 3026 668 3089; x_wconf 91' lang='lat' dir='ltr'><strong>morbi</strong></span> <span class='ocrx_word' id='word_1_143' title='bbox 698 3025 791 3107; x_wconf 90' lang='lat' dir='ltr'><strong>apud</strong></span> <span class='ocrx_word' id='word_1_144' title='bbox 825 3023 1141 3106; x_wconf 88' lang='lat' dir='ltr'><strong>Nortbamptunam</strong></span> 
     </span>
     <span class='ocr_line' id='line_1_25' title="bbox 190 3123 1140 3207; baseline -0.002 -20"><span class='ocrx_word' id='word_1_145' title='bbox 190 3126 353 3201; x_wconf 91' lang='lat' dir='ltr'><strong>detinuit,</strong></span> <span class='ocrx_word' id='word_1_146' title='bbox 369 3125 455 3189; x_wconf 91' lang='lat' dir='ltr'><strong>adeo</strong></span> <span class='ocrx_word' id='word_1_147' title='bbox 468 3131 508 3188; x_wconf 91' lang='lat' dir='ltr'><strong>ut</strong></span> <span class='ocrx_word' id='word_1_148' title='bbox 522 3126 558 3187; x_wconf 91' lang='lat' dir='ltr'><strong>in</strong></span> <span class='ocrx_word' id='word_1_149' title='bbox 575 3131 651 3189; x_wconf 86' lang='lat' dir='ltr'><strong>tota</strong></span> <span class='ocrx_word' id='word_1_150' title='bbox 674 3124 922 3207; x_wconf 90' lang='lat' dir='ltr'><strong>propemodum</strong></span> <span class='ocrx_word' id='word_1_151' title='bbox 939 3124 1071 3205; x_wconf 86' lang='lat' dir='ltr'><strong>Anglia</strong></span> <span class='ocrx_word' id='word_1_152' title='bbox 1093 3123 1140 3187; x_wconf 90' lang='lat' dir='ltr'><strong>si·</strong></span> 
     </span>
     <span class='ocr_line' id='line_1_26' title="bbox 190 3224 1142 3306; baseline -0.002 -17"><span class='ocrx_word' id='word_1_153' title='bbox 190 3233 251 3289; x_wconf 91' lang='lat' dir='ltr'><strong>cut</strong></span> <span class='ocrx_word' id='word_1_154' title='bbox 268 3231 426 3288; x_wconf 89' lang='lat' dir='ltr'><strong>mortuus</strong></span> <span class='ocrx_word' id='word_1_155' title='bbox 440 3225 725 3289; x_wconf 85' lang='lat' dir='ltr'><strong>conclamaretur.</strong></span> <span class='ocrx_word' id='word_1_156' title='bbox 763 3224 914 3288; x_wconf 86' lang='lat' dir='ltr'><strong>Duravit</strong></span> <span class='ocrx_word' id='word_1_157' title='bbox 928 3224 1142 3306; x_wconf 88' lang='lat' dir='ltr'><strong>improspera</strong></span> 
     </span>
     <span class='ocr_line' id='line_1_27' title="bbox 190 3323 1140 3408; baseline -0.005 -19"><span class='ocrx_word' id='word_1_158' title='bbox 190 3324 356 3389; x_wconf 84' lang='lat' dir='ltr'><strong>valetudo</strong></span> <span class='ocrx_word' id='word_1_159' title='bbox 387 3343 498 3408; x_wconf 89' lang='lat' dir='ltr'><strong>usqne</strong></span> <span class='ocrx_word' id='word_1_160' title='bbox 531 3331 611 3407; x_wconf 93' lang='lat' dir='ltr'><strong>post</strong></span> <span class='ocrx_word' id='word_1_161' title='bbox 644 3323 898 3403; x_wconf 83' lang='lat' dir='ltr'><strong>Pentecosten3</strong></span> <span class='ocrx_word' id='word_1_162' title='bbox 933 3330 1016 3387; x_wconf 87' lang='lat' dir='ltr'><strong>tunc</strong></span> <span class='ocrx_word' id='word_1_163' title='bbox 1039 3323 1140 3395; x_wconf 56' lang='lat' dir='ltr'><strong>,enirn</strong></span> 
     </span>
     <span class='ocr_line' id='line_1_28' title="bbox 190 3422 1128 3505; baseline 0.001 -17"><span class='ocrx_word' id='word_1_164' title='bbox 190 3425 319 3489; x_wconf 90' lang='lat' dir='ltr'><strong>sensim</strong></span> <span class='ocrx_word' id='word_1_165' title='bbox 333 3422 470 3487; x_wconf 86' lang='lat' dir='ltr'><strong>refusus</strong></span> <span class='ocrx_word' id='word_1_166' title='bbox 484 3424 609 3487; x_wconf 89' lang='lat' dir='ltr'><strong>salutis</strong></span> <span class='ocrx_word' id='word_1_167' title='bbox 625 3424 726 3505; x_wconf 83' lang='lat' dir='ltr'><strong>vigor</strong></span> <span class='ocrx_word' id='word_1_168' title='bbox 742 3444 820 3487; x_wconf 90' lang='lat' dir='ltr'><strong>eum</strong></span> <span class='ocrx_word' id='word_1_169' title='bbox 835 3424 872 3486; x_wconf 91' lang='lat' dir='ltr'><strong>in</strong></span> <span class='ocrx_word' id='word_1_170' title='bbox 887 3422 991 3505; x_wconf 88' lang='lat' dir='ltr'><strong>pedes</strong></span> <span class='ocrx_word' id='word_1_171' title='bbox 1007 3424 1128 3489; x_wconf 85' lang='lat' dir='ltr'><strong>erexit.</strong></span> 
     </span>
    </p>

    <p class='ocr_par' dir='ltr' id='par_1_7' title="bbox 189 3521 1140 3707">
     <span class='ocr_line' id='line_1_29' title="bbox 243 3521 1140 3607; baseline -0.002 -20"><span class='ocrx_word' id='word_1_172' title='bbox 243 3524 261 3607; x_wconf 57' lang='grc' dir='ltr'><strong>ξ</strong></span> <span class='ocrx_word' id='word_1_173' title='bbox 278 3524 330 3587; x_wconf 84' lang='grc'><strong>68.</strong></span> <span class='ocrx_word' id='word_1_174' title='bbox 356 3524 502 3586; x_wconf 84' lang='lat' dir='ltr'><strong>interim</strong></span> <span class='ocrx_word' id='word_1_175' title='bbox 519 3524 636 3586; x_wconf 87' lang='lat' dir='ltr'><strong>nuncii</strong></span> <span class='ocrx_word' id='word_1_176' title='bbox 659 3544 704 3587; x_wconf 88' lang='lat' dir='ltr'><strong>ex</strong></span> <span class='ocrx_word' id='word_1_177' title='bbox 722 3521 924 3603; x_wconf 83' lang='lat' dir='ltr'><strong>Andagavis</strong></span> <span class='ocrx_word' id='word_1_178' title='bbox 946 3522 1140 3600; x_wconf 87' lang='lat' dir='ltr'><strong>redeuntes,</strong></span> 
     </span>
     <span class='ocr_line' id='line_1_30' title="bbox 189 3620 1140 3707; baseline -0.004 -19"><span class='ocrx_word' id='word_1_179' title='bbox 189 3625 318 3688; x_wconf 88' lang='lat' dir='ltr'><strong>iterato</strong></span> <span class='ocrx_word' id='word_1_180' title='bbox 333 3623 426 3707; x_wconf 93' lang='lat' dir='ltr'><strong>apud</strong></span> <span class='ocrx_word' id='word_1_181' title='bbox 439 3623 582 3687; x_wconf 90' lang='lat' dir='ltr'><strong>Divisas</strong></span> <span class='ocrx_word' id='word_1_182' title='bbox 601 3623 638 3686; x_wconf 93' lang='lat' dir='ltr'><strong>in</strong></span> <span class='ocrx_word' id='word_1_183' title='bbox 654 3624 739 3706; x_wconf 90' lang='lat' dir='ltr'><strong>ipsis</strong></span> <span class='ocrx_word' id='word_1_184' title='bbox 762 3622 896 3687; x_wconf 90' lang='lat' dir='ltr'><strong>octavis</strong></span> <span class='ocrx_word' id='word_1_185' title='bbox 914 3620 1140 3686; x_wconf 87' lang='lat' dir='ltr'><strong>Pentecostes</strong></span> 
     </span>
    </p>
   </div>
   <div class='ocr_carea' id='block_1_7' title="bbox 186 3922 1140 4073">
    <p class='ocr_par' dir='ltr' id='par_1_8' title="bbox 186 3922 1140 4073">
     <span class='ocr_line' id='line_1_31' title="bbox 224 3922 1140 4016; baseline -0.014 -58"><span class='ocrx_word' id='word_1_186' title='bbox 224 3925 232 3958; x_wconf 90' lang='lat'>1</span> <span class='ocrx_word' id='word_1_187' title='bbox 256 3922 425 4009; x_wconf 44' lang='lat' dir='ltr'><strong>taenarum]</strong></span> <span class='ocrx_word' id='word_1_188' title='bbox 444 3922 598 4001; x_wconf 81' lang='lat' dir='ltr'><strong>vacaturam</strong></span> <span class='ocrx_word' id='word_1_189' title='bbox 616 3922 654 3969; x_wconf 77' lang='lat' dir='ltr'><strong>cel</strong></span> <span class='ocrx_word' id='word_1_190' title='bbox 712 3950 723 3981; x_wconf 61' lang='lat'>³</span> <span class='ocrx_word' id='word_1_191' title='bbox 733 3952 818 4016; x_wconf 52' lang='lat' dir='ltr'><strong>EM</strong></span> <span class='ocrx_word' id='word_1_192' title='bbox 847 3954 879 4001; x_wconf 43' lang='lat' dir='ltr'><strong>E·</strong></span> <span class='ocrx_word' id='word_1_193' title='bbox 899 3952 970 4000; x_wconf 41' lang='lat' dir='ltr'><strong>La.</strong></span> <span class='ocrx_word' id='word_1_194' title='bbox 993 3951 1096 4001; x_wconf 63' lang='lat' dir='ltr'><strong>omitted</strong></span> <span class='ocrx_word' id='word_1_195' title='bbox 1114 3952 1140 4001; x_wconf 71' lang='lat' dir='ltr'><strong>in</strong></span> 
     </span>
     <span class='ocr_line' id='line_1_32' title="bbox 186 3989 970 4073; baseline -0.047 -23"><span class='ocrx_word' id='word_1_196' title='bbox 186 4003 365 4058; x_wconf 80' lang='lat' dir='ltr'><strong>cessationem,</strong></span> <span class='ocrx_word' id='word_1_197' title='bbox 381 3994 429 4054; x_wconf 84' lang='lat' dir='ltr'><strong>E.;</strong></span> <span class='ocrx_word' id='word_1_198' title='bbox 445 3994 612 4054; x_wconf 78' lang='lat' dir='ltr'><strong>vacationem,</strong></span> <span class='ocrx_word' id='word_1_199' title='bbox 623 3990 651 4040; x_wconf 82' lang='lat' dir='ltr'><strong>S.</strong></span> <span class='ocrx_word' id='word_1_200' title='bbox 678 4023 706 4073; x_wconf 44' lang='lat' dir='ltr'><strong>S·</strong></span> <span class='ocrx_word' id='word_1_201' title='bbox 719 4024 754 4073; x_wconf 44' lang='lat' dir='ltr'><strong>D·</strong></span> <span class='ocrx_word' id='word_1_202' title='bbox 962 3989 970 4013; x_wconf 73' lang='lat'><em>2</em></span> 
     </span>
    </p>
   </div>
   <div class='ocr_carea' id='block_1_8' title="bbox 186 4069 291 4121">
    <p class='ocr_par' dir='ltr' id='par_1_9' title="bbox 186 4069 291 4121">
     <span class='ocr_line' id='line_1_33' title="bbox 186 4069 291 4121; baseline -0.057 0"><span class='ocrx_word' id='word_1_203' title='bbox 186 4072 222 4121; x_wconf 89' lang='lat' dir='ltr'><strong>D.</strong></span> <span class='ocrx_word' id='word_1_204' title='bbox 235 4069 291 4117; x_wconf 73' lang='lat' dir='ltr'><strong>La.</strong></span> 
     </span>
    </p>
   </div>
   <div class='ocr_carea' id='block_1_9' title="bbox 185 4128 1142 4330">
    <p class='ocr_par' dir='ltr' id='par_1_10' title="bbox 185 4128 1142 4330">
     <span class='ocr_line' id='line_1_34' title="bbox 222 4128 848 4171; baseline -0.058 36"><span class='ocrx_word' id='word_1_205' title='bbox 222 4137 233 4166; x_wconf 45' lang='grc' dir='ltr'>θ</span> <span class='ocrx_word' id='word_1_206' title='bbox 356 4133 362 4144; x_wconf 65' lang='grc'><strong>”</strong></span> <span class='ocrx_word' id='word_1_207' title='bbox 443 4132 448 4142; x_wconf 68' lang='grc' dir='ltr'>Ι</span> <span class='ocrx_word' id='word_1_208' title='bbox 588 4144 594 4157; x_wconf 67' lang='lat'><strong>.</strong></span> <span class='ocrx_word' id='word_1_209' title='bbox 645 4128 651 4139; x_wconf 51' lang='lat'>¹</span> <span class='ocrx_word' id='word_1_210' title='bbox 844 4160 848 4171; x_wconf 79' lang='grc' dir='ltr'>Ι</span> 
     </span>
     <span class='ocr_line' id='line_1_35' title="bbox 185 4129 1142 4330; baseline -0.061 -70"><span class='ocrx_word' id='word_1_211' title='bbox 185 4129 653 4330; x_wconf 47' lang='lat' dir='ltr'><strong>{abipup&#39;aenba3rprpitufflm</strong></span> <span class='ocrx_word' id='word_1_212' title='bbox 677 4155 1142 4293; x_wconf 50' lang='lat' dir='ltr'><strong>cidssffffghbffffpffl‘pae’</strong></span> 
     </span>
     <span class='ocr_line' id='line_1_36' title="bbox 218 4286 244 4329; baseline 0 0"><span class='ocrx_word' id='word_1_213' title='bbox 218 4286 244 4329; x_wconf 78' lang='lat' dir='ltr'><strong>s.</strong></span> 
     </span>
    </p>
   </div>
   <div class='ocr_carea' id='block_1_10' title="bbox 0 0 1554 5050">
    <p class='ocr_par' dir='ltr' id='par_1_11' title="bbox 0 0 1554 5050">
     <span class='ocr_line' id='line_1_37' title="bbox 0 0 1554 5050; baseline 0 1"><span class='ocrx_word' id='word_1_214' title='bbox 0 0 1554 5050; x_wconf 95' lang='lat' dir='ltr'><strong> </strong></span> 
     </span>
    </p>
   </div>
  </div>
 </body>
</html>
