3100 5050
178 535 246 584 mu.
264 517 337 600 un]
461 517 636 584 ursronm
658 533 839 582 novumn.
1061 516 1133 582 741

174 694 286 773 randi,
312 693 407 760 dedit
434 713 472 758 se
496 692 696 759 discrimini.
748 693 915 759 Comitati
942 702 1026 759 sunt
1047 713 1127 759 eum

175 795 322 879 impigre
346 813 419 862 suaa
442 794 596 859 fautores
618 794 741 878 partis,
758 814 906 878 quorum
923 802 999 860 erat
1016 796 1129 880 major

177 896 475 962 exhaeredatorum
496 915 671 972 numerus,
689 914 777 978 quos
790 895 827 958 in
842 903 986 960 martem
1003 914 1127 960 accen·

175 996 280 1062 debat
297 1016 411 1064 rerum
433 996 639 1060 amissarum
665 995 765 1059 dolor
780 1001 816 1059 et
836 997 976 1061 conscia
991 997 1127 1063 virtus:

175 1097 336 1181 quamvis
359 1104 434 1162 toto
456 1096 591 1173 itinere,
613 1093 706 1178 quod
734 1095 953 1180 protenditur
978 1116 1000 1161 a
1021 1095 1129 1162 Gloo·

175 1204 290 1262 cestra
306 1197 342 1262 in
358 1195 633 1270 Lindocolinum,
655 1195 729 1279 ipse
752 1195 877 1260 callide
898 1197 1125 1262 intentionem

174 1297 419 1377 dissimularet,
434 1297 639 1381 quibusdam
661 1296 866 1379 ambagibus
891 1304 1002 1362 totum
1024 1317 1125 1362 exer·

175 1399 283 1464 citum
298 1397 668 1482 praeterpaucissimos
684 1396 911 1481 suspendens.

198 1591 247 1638 DE
270 1591 395 1639 PUGNA
418 1591 565 1640 contffls
587 1590 828 1640 cnoucsssultm
851 1591 896 1639 ΕΤ
918 1591 1099 1640 GAPTlONR

592 1691 709 1740 REGIS.

225 1798 319 1885 §tu
343 1757 498 1866 Ventum
522 1800 567 1866 ad
591 1820 790 1885 supremum
814 1801 891 1884 ipso
916 1801 972 1866 die
997 1801 1125 1866 Purifi.
1136 1817 1189 1858 un.
1200 1817 1257 1858 1141.

174 1902 323 1966 cationis
337 1902 547 1966 beatissime
565 1893 701 1981 Mariae,
718 1900 762 1966 ad
778 1901 907 1966 flumen
922 1903 1015 1985 quod
1030 1904 1122 1967 inter
1134 1869 1210 1958 {adddit
1218 1919 1262 2009 ⁸3¹?

174 2001 262 2066 duos
293 2003 467 2066 exercitus
504 2001 773 2086 praeterfluebat,
804 2001 937 2066 Trenta
972 1975 1235 2081 nominaiiiii'ei.

173 2101 267 2186 quod
293 2108 329 2166 et
355 2109 435 2167 ortu
462 2122 538 2181 suo,
564 2110 599 2167 et
621 2103 818 2186 pluviarum
840 2102 1024 2186 profluvio,
1050 2111 1123 2168 tam

174 2221 339 2286 magnum
369 2202 484 2267 fuerat
512 2210 552 2267 ut
586 2203 785 2267 nullatenus
814 2202 905 2266 vado
937 2205 1122 2268 transitum

173 2304 355 2386 praeberet.
391 2302 481 2367 Tum
499 2302 635 2367 demum
652 2310 687 2367 et
698 2322 838 2385 genero,
849 2302 909 2386 qui
922 2309 1002 2367 cum
1016 2323 1122 2369 manu

174 2402 291 2468 valida
305 2410 514 2482 occurrerat,
531 2409 567 2467 et
582 2403 716 2468 caeteris
726 2422 815 2487 quos
829 2404 1044 2482 ductaverat,
1061 2404 1122 2469 de·

174 2510 297 2588 tegens
320 2504 483 2584 animum,
499 2503 565 2569 boo
588 2504 654 2569 sibi
675 2504 891 2588 propositum
901 2503 977 2589 jam
991 2503 1121 2570 dudum

174 2625 251 2671 esse
265 2604 404 2689 adjecit,
419 2605 510 2688 quod
527 2605 622 2669 nulla
633 2624 786 2689 unquam
799 2606 1006 2671 necessitate
1021 2613 1123 2689 terga

173 2712 347 2785 verteret3
370 2706 427 2770 vel
448 2705 662 2770 moriendum
676 2705 733 2770 vel
754 2706 959 2789 capiendum
981 2726 1069 2784 esse,
1091 2706 1124 2770 si

173 2826 243 2873 non
258 2805 410 2871 vicisset.
463 2804 607 2870 Cunctis
628 2806 736 2887 igitur
748 2807 841 2870 bona
853 2826 914 2889 spe
930 2806 1044 2888 ipsum
1058 2807 1124 2870 im·

173 2907 360 2990 plentibuS,
373 2904 547 2993 (mirabile
570 2902 721 2989 auditu,)
735 2906 830 2971 illico
844 2906 925 2971 belli
939 2904 1123 2971 discrimen

173 3007 335 3084 inituruS,
349 3006 506 3090 praedicti
529 3005 756 3092 rapacitatem
773 3006 925 3071 fluminis
946 3026 1024 3070 eum
1049 3027 1123 3072 om·

172 3104 275 3171 dibus
289 3107 362 3171 suis
378 3106 493 3172 nando
511 3113 750 3188 transgressus
772 3114 857 3174 est·
887 3105 1023 3170 Tantus
1045 3115 1120 3171 erat

173 3207 292 3272 comiti
315 3207 417 3272 ardor
441 3207 545 3271 finem
573 3199 690 3272 ¹malis
719 3206 908 3290 imponere,
936 3215 976 3272 ut
1001 3208 1121 3273 mallet

172 3308 297 3373 ultima
318 3306 469 3391 experiri
482 3325 587 3391 quarn
609 3307 708 3390 regni
723 3308 956 3375 calamitatem
973 3307 1120 3373 ulterius

173 3408 355 3491 protendi:
378 3427 460 3472 nam
482 3415 517 3472 et
533 3427 595 3471 rex
610 3427 688 3472 cum
710 3408 893 3472 comitibus
911 3409 1123 3492 quampluri-

173 3508 252 3586 mis,
276 3515 312 3573 et
336 3527 407 3573 non
433 3509 536 3572 inerti
557 3508 704 3573 militum
731 3507 844 3591 copia,
869 3508 961 3573 bello
985 3527 1023 3573 se
1046 3509 1122 3573 ani·

172 3627 281 3686 mose,
305 3607 504 3673 intermissa
533 3609 723 3685 obsidione,
753 3608 938 3673 obtulerat.
990 3607 1120 3673 Tenta-

173 3728 255 3774 vere
274 3708 385 3792 primo
409 3708 499 3791 regii
521 3708 716 3793 proludium
738 3728 868 3793 pugnae
885 3708 1011 3787 facere,
1028 3708 1121 3792 qnod

173 3807 198 3873 J
200 3816 315 3875 ustam
330 3815 471 3888 vocant,
485 3810 568 3892 quia
583 3810 646 3873 tali
660 3810 761 3891 periti
777 3815 876 3873 erant
891 3817 985 3874 arte:
1009 3817 1046 3874 at
1062 3810 1121 3873 ubi

172 3908 336 3977 viderunt
352 3910 445 3993 quod
468 3909 679 3987 consulares,
696 3916 736 3975 ut
755 3909 808 3975 ita
823 3910 952 3975 dictum
975 3910 1034 3987 sit,
1050 3930 1121 3975 non

171 4008 302 4073 lanceis
318 4011 463 4087 eminus,
480 4010 540 4073 sed
552 4009 677 4091 gladiis
691 4009 847 4073 cominus
863 4030 933 4073 rem
949 4017 1120 4091 gererent,

172 4116 209 4175 et
223 4109 359 4175 infestis
375 4110 507 4175 viribus
521 4110 726 4194 vexillisque
748 4110 856 4174 aciem
870 4109 1024 4193 regalem
1040 4130 1119 4194 per·

395 4346 513 4414 ¹Malia]
531 4351 559 4400 S.
576 4351 611 4402 D.
627 4350 697 4414 L2.;
721 4353 824 4403 omitted
835 4354 862 4402 in
874 4355 906 4405 Ε.

972 4434 1030 4497 3ο
