<?xml version="1.0" encoding="UTF-8"?>
<!DOCTYPE html PUBLIC "-//W3C//DTD XHTML 1.0 Transitional//EN"
    "http://www.w3.org/TR/xhtml1/DTD/xhtml1-transitional.dtd">
<html xmlns="http://www.w3.org/1999/xhtml" xml:lang="en" lang="en">
 <head>
  <title>
</title>
<meta http-equiv="Content-Type" content="text/html;charset=utf-8" />
  <meta name='ocr-system' content='tesseract 3.04.00' />
  <meta name='ocr-capabilities' content='ocr_page ocr_carea ocr_par ocr_line ocrx_word'/>
</head>
<body>
  <div class='ocr_page' id='page_1' title='image "./willelmimalmesb02willgoog_0367.png"; bbox 0 0 3100 5050; ppageno 0'>
   <div class='ocr_carea' id='block_1_1' title="bbox 197 500 1148 582">
    <p class='ocr_par' dir='ltr' id='par_1_1' title="bbox 197 500 1148 582">
     <span class='ocr_line' id='line_1_1' title="bbox 197 500 1148 582; baseline 0.001 -17"><span class='ocrx_word' id='word_1_1' title='bbox 197 518 269 568; x_wconf 81' lang='grc' dir='ltr'>ιιι.</span> <span class='ocrx_word' id='word_1_2' title='bbox 284 501 358 582; x_wconf 77' lang='grc' dir='ltr'>ιιι]</span> <span class='ocrx_word' id='word_1_3' title='bbox 486 516 661 566; x_wconf 75' lang='lat' dir='ltr'><strong>nrsroarr</strong></span> <span class='ocrx_word' id='word_1_4' title='bbox 683 516 863 566; x_wconf 78' lang='lat' dir='ltr'><strong>novumn.</strong></span> <span class='ocrx_word' id='word_1_5' title='bbox 1082 500 1148 567; x_wconf 82' lang='grc'><strong>747</strong></span> 
     </span>
    </p>
   </div>
   <div class='ocr_carea' id='block_1_2' title="bbox 190 671 1149 962">
    <p class='ocr_par' dir='ltr' id='par_1_2' title="bbox 190 671 1149 962">
     <span class='ocr_line' id='line_1_2' title="bbox 195 671 1149 760; baseline -0.005 -19"><span class='ocrx_word' id='word_1_6' title='bbox 195 675 489 760; x_wconf 86' lang='lat' dir='ltr'><strong>incomparabilis,</strong></span> <span class='ocrx_word' id='word_1_7' title='bbox 511 677 549 740; x_wconf 89' lang='lat' dir='ltr'><strong>in</strong></span> <span class='ocrx_word' id='word_1_8' title='bbox 565 674 706 758; x_wconf 79' lang='lat' dir='ltr'><strong>Angliae</strong></span> <span class='ocrx_word' id='word_1_9' title='bbox 722 671 1018 757; x_wconf 85' lang='lat' dir='ltr'><strong>Normanniaeque</strong></span> <span class='ocrx_word' id='word_1_10' title='bbox 1040 671 1149 737; x_wconf 90' lang='lat' dir='ltr'><strong>domi-</strong></span> 
     </span>
     <span class='ocr_line' id='line_1_3' title="bbox 190 775 1148 865; baseline -0.004 -23"><span class='ocrx_word' id='word_1_11' title='bbox 190 798 277 865; x_wconf 87' lang='lat' dir='ltr'><strong>nam</strong></span> <span class='ocrx_word' id='word_1_12' title='bbox 304 778 475 860; x_wconf 61' lang='lat' dir='ltr'><strong>eligimus,</strong></span> <span class='ocrx_word' id='word_1_13' title='bbox 503 783 538 841; x_wconf 90' lang='lat' dir='ltr'><strong>et</strong></span> <span class='ocrx_word' id='word_1_14' title='bbox 562 778 594 840; x_wconf 88' lang='lat' dir='ltr'><strong>ei</strong></span> <span class='ocrx_word' id='word_1_15' title='bbox 617 775 720 842; x_wconf 89' lang='lat' dir='ltr'><strong>fidem</strong></span> <span class='ocrx_word' id='word_1_16' title='bbox 746 782 784 840; x_wconf 91' lang='lat' dir='ltr'><strong>et</strong></span> <span class='ocrx_word' id='word_1_17' title='bbox 808 780 1148 841; x_wconf 80' lang='lat' dir='ltr'><strong>manutenementum</strong></span> 
     </span>
     <span class='ocr_line' id='line_1_4' title="bbox 197 877 1116 962; baseline -0.003 -21"><span class='ocrx_word' id='word_1_18' title='bbox 197 877 457 962; x_wconf 66' lang='lat' dir='ltr'><strong>promittimus!</strong></span> <span class='ocrx_word' id='word_1_19' title='bbox 1112 903 1116 907; x_wconf 57' lang='grc'><em>’</em></span> 
     </span>
    </p>
   </div>
   <div class='ocr_carea' id='block_1_3' title="bbox 248 1068 1268 1262">
    <p class='ocr_par' dir='ltr' id='par_1_3' title="bbox 248 1068 1258 1262">
     <span class='ocr_line' id='line_1_5' title="bbox 302 1068 1043 1127; baseline 0 -11"><span class='ocrx_word' id='word_1_20' title='bbox 302 1069 476 1127; x_wconf 83' lang='lat' dir='ltr'><strong>Quouooo</strong></span> <span class='ocrx_word' id='word_1_21' title='bbox 500 1069 774 1118; x_wconf 78' lang='lat' dir='ltr'><strong>nouoomnnsrs</strong></span> <span class='ocrx_word' id='word_1_22' title='bbox 798 1068 838 1116; x_wconf 82' lang='lat' dir='ltr'><strong>ru</strong></span> <span class='ocrx_word' id='word_1_23' title='bbox 862 1068 1043 1118; x_wconf 77' lang='lat' dir='ltr'><strong>coucrnro.</strong></span> 
     </span>
     <span class='ocr_line' id='line_1_6' title="bbox 248 1175 1268 1262; baseline 0.001 -23"><span class='ocrx_word' id='word_1_24' title='bbox 248 1176 266 1260; x_wconf 58' lang='grc' dir='ltr'>ᾗ</span> <span class='ocrx_word' id='word_1_25' title='bbox 290 1176 346 1242; x_wconf 86' lang='grc'><strong>45</strong></span> <span class='ocrx_word' id='word_1_26' title='bbox 370 1175 527 1260; x_wconf 88' lang='lat' dir='ltr'><strong>Cumque</strong></span> <span class='ocrx_word' id='word_1_27' title='bbox 553 1195 671 1241; x_wconf 89' lang='lat' dir='ltr'><strong>omnes</strong></span> <span class='ocrx_word' id='word_1_28' title='bbox 698 1183 889 1262; x_wconf 74' lang='lat' dir='ltr'><strong>praesentes</strong></span> <span class='ocrx_word' id='word_1_29' title='bbox 914 1175 971 1240; x_wconf 87' lang='lat' dir='ltr'><strong>vel</strong></span> <span class='ocrx_word' id='word_1_30' title='bbox 992 1175 1147 1240; x_wconf 86' lang='lat' dir='ltr'><strong>modeste</strong></span> <span class='ocrx_word' id='word_1_31' title='bbox 1158 1197 1268 1240; x_wconf 64' lang='lat' dir='ltr'><strong>moron</strong></span> 
     </span>
    </p>
   </div>
   <div class='ocr_carea' id='block_1_4' title="bbox 186 1251 1309 3764">
    <p class='ocr_par' dir='ltr' id='par_1_4' title="bbox 189 1251 1309 1564">
     <span class='ocr_line' id='line_1_7' title="bbox 196 1251 1309 1355; baseline 0.003 -15"><span class='ocrx_word' id='word_1_32' title='bbox 196 1276 449 1342; x_wconf 83' lang='lat' dir='ltr'><strong>acclamassent</strong></span> <span class='ocrx_word' id='word_1_33' title='bbox 466 1277 660 1355; x_wconf 85' lang='lat' dir='ltr'><strong>sententiaa,</strong></span> <span class='ocrx_word' id='word_1_34' title='bbox 674 1278 731 1343; x_wconf 88' lang='lat' dir='ltr'><strong>vel</strong></span> <span class='ocrx_word' id='word_1_35' title='bbox 749 1277 892 1341; x_wconf 87' lang='lat' dir='ltr'><strong>silentes</strong></span> <span class='ocrx_word' id='word_1_36' title='bbox 914 1296 983 1341; x_wconf 89' lang='lat' dir='ltr'><strong>non</strong></span> <span class='ocrx_word' id='word_1_37' title='bbox 1006 1283 1145 1341; x_wconf 88' lang='lat' dir='ltr'><strong>contra·</strong></span> <span class='ocrx_word' id='word_1_38' title='bbox 1157 1251 1234 1342; x_wconf 51' lang='lat' dir='ltr'><strong>iiii}</strong></span> <span class='ocrx_word' id='word_1_39' title='bbox 1242 1260 1309 1343; x_wconf 70' lang='lat' dir='ltr'><strong>dib</strong></span> 
     </span>
     <span class='ocr_line' id='line_1_8' title="bbox 197 1351 1245 1463; baseline 0 -23"><span class='ocrx_word' id='word_1_40' title='bbox 197 1378 381 1462; x_wconf 85' lang='lat' dir='ltr'><strong>dixissent,</strong></span> <span class='ocrx_word' id='word_1_41' title='bbox 406 1378 554 1462; x_wconf 89' lang='lat' dir='ltr'><strong>subjecit</strong></span> <span class='ocrx_word' id='word_1_42' title='bbox 570 1371 744 1460; x_wconf 85' lang='lat' dir='ltr'><strong>¹legatus.</strong></span> <span class='ocrx_word' id='word_1_43' title='bbox 769 1376 1052 1442; x_wconf 89' lang='lat' dir='ltr'><strong>‘Londonienses</strong></span> <span class='ocrx_word' id='word_1_44' title='bbox 1067 1374 1145 1463; x_wconf 93' lang='lat' dir='ltr'><strong>(qui</strong></span> <span class='ocrx_word' id='word_1_45' title='bbox 1156 1351 1245 1393; x_wconf 43' lang='grc' dir='ltr'><strong>ΜΕ</strong></span> 
     </span>
     <span class='ocr_line' id='line_1_9' title="bbox 189 1477 1145 1564; baseline -0.001 -22"><span class='ocrx_word' id='word_1_46' title='bbox 189 1484 280 1564; x_wconf 88' lang='lat' dir='ltr'><strong>sunt</strong></span> <span class='ocrx_word' id='word_1_47' title='bbox 292 1497 392 1561; x_wconf 85' lang='lat' dir='ltr'><strong>quasr</strong></span> <span class='ocrx_word' id='word_1_48' title='bbox 412 1480 610 1562; x_wconf 64' lang='lat' dir='ltr'><strong>optimates</strong></span> <span class='ocrx_word' id='word_1_49' title='bbox 632 1497 696 1561; x_wconf 91' lang='lat' dir='ltr'><strong>pro</strong></span> <span class='ocrx_word' id='word_1_50' title='bbox 719 1477 958 1560; x_wconf 85' lang='lat' dir='ltr'><strong>magnitudine</strong></span> <span class='ocrx_word' id='word_1_51' title='bbox 981 1477 1145 1555; x_wconf 88' lang='lat' dir='ltr'><strong>civitatis,</strong></span> 
     </span>
    </p>

    <p class='ocr_par' dir='ltr' id='par_1_5' title="bbox 195 1575 1145 1761">
     <span class='ocr_line' id='line_1_10' title="bbox 195 1575 1144 1662; baseline -0.001 -20"><span class='ocrx_word' id='word_1_52' title='bbox 195 1579 234 1642; x_wconf 91' lang='lat' dir='ltr'><strong>in</strong></span> <span class='ocrx_word' id='word_1_53' title='bbox 259 1575 408 1662; x_wconf 81' lang='lat' dir='ltr'><strong>Anglia)</strong></span> <span class='ocrx_word' id='word_1_54' title='bbox 426 1577 561 1643; x_wconf 90' lang='lat' dir='ltr'><strong>nunciis</strong></span> <span class='ocrx_word' id='word_1_55' title='bbox 585 1579 713 1642; x_wconf 88' lang='lat' dir='ltr'><strong>nostris</strong></span> <span class='ocrx_word' id='word_1_56' title='bbox 739 1579 976 1656; x_wconf 80' lang='lat' dir='ltr'><strong>convenimus,</strong></span> <span class='ocrx_word' id='word_1_57' title='bbox 1000 1585 1036 1642; x_wconf 90' lang='lat' dir='ltr'><strong>et</strong></span> <span class='ocrx_word' id='word_1_58' title='bbox 1062 1598 1144 1643; x_wconf 89' lang='lat' dir='ltr'><strong>con-</strong></span> 
     </span>
     <span class='ocr_line' id='line_1_11' title="bbox 195 1678 1145 1761; baseline 0.001 -19"><span class='ocrx_word' id='word_1_59' title='bbox 195 1679 340 1742; x_wconf 88' lang='lat' dir='ltr'><strong>ductum</strong></span> <span class='ocrx_word' id='word_1_60' title='bbox 358 1685 398 1742; x_wconf 91' lang='lat' dir='ltr'><strong>ut</strong></span> <span class='ocrx_word' id='word_1_61' title='bbox 418 1686 494 1743; x_wconf 87' lang='lat' dir='ltr'><strong>tuto</strong></span> <span class='ocrx_word' id='word_1_62' title='bbox 508 1679 652 1744; x_wconf 86' lang='lat' dir='ltr'><strong>veniant</strong></span> <span class='ocrx_word' id='word_1_63' title='bbox 672 1678 840 1756; x_wconf 86' lang='lat' dir='ltr'><strong>misimus,</strong></span> <span class='ocrx_word' id='word_1_64' title='bbox 858 1697 987 1761; x_wconf 88' lang='lat' dir='ltr'><strong>eosque</strong></span> <span class='ocrx_word' id='word_1_65' title='bbox 1008 1678 1145 1744; x_wconf 87' lang='lat' dir='ltr'><strong>confido</strong></span> 
     </span>
    </p>

    <p class='ocr_par' dir='ltr' id='par_1_6' title="bbox 195 1777 1145 1844">
     <span class='ocr_line' id='line_1_12' title="bbox 195 1777 1145 1844; baseline 0 -2"><span class='ocrx_word' id='word_1_66' title='bbox 195 1797 266 1842; x_wconf 91' lang='lat' dir='ltr'><strong>non</strong></span> <span class='ocrx_word' id='word_1_67' title='bbox 281 1777 374 1842; x_wconf 90' lang='lat' dir='ltr'><strong>ultra</strong></span> <span class='ocrx_word' id='word_1_68' title='bbox 396 1778 486 1842; x_wconf 90' lang='lat' dir='ltr'><strong>bunc</strong></span> <span class='ocrx_word' id='word_1_69' title='bbox 500 1779 590 1843; x_wconf 88' lang='lat' dir='ltr'><strong>diem</strong></span> <span class='ocrx_word' id='word_1_70' title='bbox 616 1786 832 1844; x_wconf 86' lang='lat' dir='ltr'><strong>moraturos:</strong></span> <span class='ocrx_word' id='word_1_71' title='bbox 856 1780 947 1843; x_wconf 88' lang='lat' dir='ltr'><strong>bona</strong></span> <span class='ocrx_word' id='word_1_72' title='bbox 960 1780 1064 1844; x_wconf 87' lang='lat' dir='ltr'><strong>venia</strong></span> <span class='ocrx_word' id='word_1_73' title='bbox 1084 1799 1145 1843; x_wconf 90' lang='lat' dir='ltr'><strong>us·</strong></span> 
     </span>
    </p>

    <p class='ocr_par' dir='ltr' id='par_1_7' title="bbox 194 1879 629 1962">
     <span class='ocr_line' id='line_1_13' title="bbox 194 1879 629 1962; baseline 0 -20"><span class='ocrx_word' id='word_1_74' title='bbox 194 1898 263 1962; x_wconf 88' lang='lat' dir='ltr'><strong>que</strong></span> <span class='ocrx_word' id='word_1_75' title='bbox 278 1897 355 1942; x_wconf 87' lang='lat' dir='ltr'><strong>cras</strong></span> <span class='ocrx_word' id='word_1_76' title='bbox 372 1879 629 1944; x_wconf 60' lang='lat' dir='ltr'><strong>sustineamus?</strong></span> 
     </span>
    </p>

    <p class='ocr_par' dir='ltr' id='par_1_8' title="bbox 186 1978 1298 3764">
     <span class='ocr_line' id='line_1_14' title="bbox 246 1978 1298 2109; baseline 0.008 -67"><span class='ocrx_word' id='word_1_77' title='bbox 246 1978 264 2062; x_wconf 58' lang='grc' dir='ltr'>ᾗ</span> <span class='ocrx_word' id='word_1_78' title='bbox 279 1978 335 2042; x_wconf 89' lang='grc'><strong>46</strong></span> <span class='ocrx_word' id='word_1_79' title='bbox 360 1978 463 2043; x_wconf 87' lang='lat' dir='ltr'><strong>Feria</strong></span> <span class='ocrx_word' id='word_1_80' title='bbox 478 1987 604 2063; x_wconf 85' lang='lat' dir='ltr'><strong>quarta</strong></span> <span class='ocrx_word' id='word_1_81' title='bbox 619 1987 790 2044; x_wconf 89' lang='lat' dir='ltr'><strong>venerunt</strong></span> <span class='ocrx_word' id='word_1_82' title='bbox 803 1979 1073 2057; x_wconf 86' lang='lat' dir='ltr'><strong>Londonienses,</strong></span> <span class='ocrx_word' id='word_1_83' title='bbox 1096 1985 1143 2058; x_wconf 89' lang='lat' dir='ltr'><strong>et,</strong></span> <span class='ocrx_word' id='word_1_84' title='bbox 1155 2006 1216 2109; x_wconf 62' lang='lat'>{¹¹⁸¹</span> <span class='ocrx_word' id='word_1_85' title='bbox 1223 2005 1298 2099; x_wconf 58' lang='lat' dir='ltr'><strong>priva</strong></span> 
     </span>
     <span class='ocr_line' id='line_1_15' title="bbox 195 2059 1216 2157; baseline 0.001 -14"><span class='ocrx_word' id='word_1_86' title='bbox 195 2080 233 2143; x_wconf 89' lang='lat' dir='ltr'><strong>in</strong></span> <span class='ocrx_word' id='word_1_87' title='bbox 260 2077 444 2144; x_wconf 88' lang='lat' dir='ltr'><strong>concilium</strong></span> <span class='ocrx_word' id='word_1_88' title='bbox 468 2079 670 2157; x_wconf 86' lang='lat' dir='ltr'><strong>introducti,</strong></span> <span class='ocrx_word' id='word_1_89' title='bbox 699 2098 841 2144; x_wconf 89' lang='lat' dir='ltr'><strong>causam</strong></span> <span class='ocrx_word' id='word_1_90' title='bbox 868 2099 968 2143; x_wconf 89' lang='lat' dir='ltr'><strong>suam</strong></span> <span class='ocrx_word' id='word_1_91' title='bbox 1000 2059 1216 2145; x_wconf 76' lang='lat' dir='ltr'><strong>eatenuspru</strong></span> 
     </span>
     <span class='ocr_line' id='line_1_16' title="bbox 187 2179 1144 2261; baseline 0.001 -18"><span class='ocrx_word' id='word_1_92' title='bbox 187 2186 343 2261; x_wconf 72' lang='lat' dir='ltr'><strong>¹egerunt</strong></span> <span class='ocrx_word' id='word_1_93' title='bbox 371 2187 412 2242; x_wconf 94' lang='lat' dir='ltr'><strong>ut</strong></span> <span class='ocrx_word' id='word_1_94' title='bbox 433 2179 598 2257; x_wconf 87' lang='lat' dir='ltr'><strong>dicerent,</strong></span> <span class='ocrx_word' id='word_1_95' title='bbox 630 2180 754 2244; x_wconf 89' lang='lat' dir='ltr'><strong>missos</strong></span> <span class='ocrx_word' id='word_1_96' title='bbox 786 2200 824 2243; x_wconf 88' lang='lat' dir='ltr'><strong>se</strong></span> <span class='ocrx_word' id='word_1_97' title='bbox 852 2198 874 2243; x_wconf 89' lang='lat' dir='ltr'><strong>a</strong></span> <span class='ocrx_word' id='word_1_98' title='bbox 905 2181 1144 2245; x_wconf 88' lang='lat' dir='ltr'><strong>communione</strong></span> 
     </span>
     <span class='ocr_line' id='line_1_17' title="bbox 196 2279 1144 2364; baseline 0.001 -21"><span class='ocrx_word' id='word_1_99' title='bbox 196 2299 303 2364; x_wconf 89' lang='lat' dir='ltr'><strong>quam</strong></span> <span class='ocrx_word' id='word_1_100' title='bbox 327 2286 455 2344; x_wconf 86' lang='lat' dir='ltr'><strong>vocant</strong></span> <span class='ocrx_word' id='word_1_101' title='bbox 479 2279 748 2357; x_wconf 90' lang='lat' dir='ltr'><strong>Londoniarum,</strong></span> <span class='ocrx_word' id='word_1_102' title='bbox 774 2300 845 2344; x_wconf 91' lang='lat' dir='ltr'><strong>non</strong></span> <span class='ocrx_word' id='word_1_103' title='bbox 871 2281 1061 2346; x_wconf 88' lang='lat' dir='ltr'><strong>certamina</strong></span> <span class='ocrx_word' id='word_1_104' title='bbox 1082 2281 1144 2344; x_wconf 91' lang='lat' dir='ltr'><strong>sed</strong></span> 
     </span>
     <span class='ocr_line' id='line_1_18' title="bbox 196 2372 1143 2463; baseline 0 -19"><span class='ocrx_word' id='word_1_105' title='bbox 196 2399 316 2463; x_wconf 89' lang='lat' dir='ltr'><strong>preces</strong></span> <span class='ocrx_word' id='word_1_106' title='bbox 343 2372 495 2457; x_wconf 85' lang='lat' dir='ltr'><strong>²offerre,</strong></span> <span class='ocrx_word' id='word_1_107' title='bbox 527 2387 567 2445; x_wconf 91' lang='grc' dir='ltr'><strong>ιιι</strong></span> <span class='ocrx_word' id='word_1_108' title='bbox 592 2378 751 2445; x_wconf 89' lang='lat' dir='ltr'><strong>dominus</strong></span> <span class='ocrx_word' id='word_1_109' title='bbox 777 2400 863 2444; x_wconf 86' lang='lat' dir='ltr'><strong>suus</strong></span> <span class='ocrx_word' id='word_1_110' title='bbox 896 2400 960 2444; x_wconf 82' lang='lat' dir='ltr'><strong>rex</strong></span> <span class='ocrx_word' id='word_1_111' title='bbox 989 2381 1032 2445; x_wconf 93' lang='lat' dir='ltr'><strong>de</strong></span> <span class='ocrx_word' id='word_1_112' title='bbox 1061 2400 1143 2462; x_wconf 87' lang='lat' dir='ltr'><strong>cap-</strong></span> 
     </span>
     <span class='ocr_line' id='line_1_19' title="bbox 195 2473 1143 2565; baseline 0 -20"><span class='ocrx_word' id='word_1_113' title='bbox 195 2479 291 2545; x_wconf 84' lang='lat' dir='ltr'><strong>tione</strong></span> <span class='ocrx_word' id='word_1_114' title='bbox 319 2473 534 2546; x_wconf 81' lang='lat' dir='ltr'><strong>liberaretui.</strong></span> <span class='ocrx_word' id='word_1_115' title='bbox 593 2479 675 2547; x_wconf 92' lang='lat' dir='ltr'><strong>Hoc</strong></span> <span class='ocrx_word' id='word_1_116' title='bbox 698 2499 818 2546; x_wconf 90' lang='lat' dir='ltr'><strong>omnes</strong></span> <span class='ocrx_word' id='word_1_117' title='bbox 840 2481 1000 2559; x_wconf 88' lang='lat' dir='ltr'><strong>barones,</strong></span> <span class='ocrx_word' id='word_1_118' title='bbox 1025 2482 1085 2565; x_wconf 91' lang='lat' dir='ltr'><strong>qui</strong></span> <span class='ocrx_word' id='word_1_119' title='bbox 1106 2481 1143 2545; x_wconf 92' lang='lat' dir='ltr'><strong>in</strong></span> 
     </span>
     <span class='ocr_line' id='line_1_20' title="bbox 194 2581 1142 2666; baseline 0.001 -21"><span class='ocrx_word' id='word_1_120' title='bbox 194 2601 315 2646; x_wconf 90' lang='lat' dir='ltr'><strong>eorum</strong></span> <span class='ocrx_word' id='word_1_121' title='bbox 330 2582 604 2647; x_wconf 87' lang='lat' dir='ltr'><strong>communionem</strong></span> <span class='ocrx_word' id='word_1_122' title='bbox 615 2581 820 2665; x_wconf 90' lang='lat' dir='ltr'><strong>jamdudum</strong></span> <span class='ocrx_word' id='word_1_123' title='bbox 842 2583 973 2666; x_wconf 86' lang='lat' dir='ltr'><strong>recepti</strong></span> <span class='ocrx_word' id='word_1_124' title='bbox 993 2581 1142 2660; x_wconf 83' lang='lat' dir='ltr'><strong>fuerant,</strong></span> 
     </span>
     <span class='ocr_line' id='line_1_21' title="bbox 195 2680 1143 2765; baseline 0 -20"><span class='ocrx_word' id='word_1_125' title='bbox 195 2700 412 2765; x_wconf 88' lang='lat' dir='ltr'><strong>summopere</strong></span> <span class='ocrx_word' id='word_1_126' title='bbox 435 2680 594 2763; x_wconf 83' lang='lat' dir='ltr'><strong>flagitare</strong></span> <span class='ocrx_word' id='word_1_127' title='bbox 616 2701 638 2746; x_wconf 88' lang='lat' dir='ltr'><strong>a</strong></span> <span class='ocrx_word' id='word_1_128' title='bbox 659 2681 798 2746; x_wconf 90' lang='lat' dir='ltr'><strong>domino</strong></span> <span class='ocrx_word' id='word_1_129' title='bbox 814 2681 945 2763; x_wconf 80' lang='lat' dir='ltr'><strong>legato,</strong></span> <span class='ocrx_word' id='word_1_130' title='bbox 963 2688 999 2745; x_wconf 93' lang='lat' dir='ltr'><strong>et</strong></span> <span class='ocrx_word' id='word_1_131' title='bbox 1020 2684 1064 2747; x_wconf 89' lang='lat' dir='ltr'><strong>ab</strong></span> <span class='ocrx_word' id='word_1_132' title='bbox 1086 2701 1143 2746; x_wconf 93' lang='lat' dir='ltr'><strong>ar·</strong></span> 
     </span>
     <span class='ocr_line' id='line_1_22' title="bbox 196 2781 1142 2865; baseline 0.001 -19"><span class='ocrx_word' id='word_1_133' title='bbox 196 2782 427 2865; x_wconf 88' lang='lat' dir='ltr'><strong>chiepiscopo,</strong></span> <span class='ocrx_word' id='word_1_134' title='bbox 444 2781 615 2865; x_wconf 88' lang='lat' dir='ltr'><strong>simulque</strong></span> <span class='ocrx_word' id='word_1_135' title='bbox 632 2782 677 2845; x_wconf 89' lang='lat' dir='ltr'><strong>ab</strong></span> <span class='ocrx_word' id='word_1_136' title='bbox 699 2783 792 2847; x_wconf 91' lang='lat' dir='ltr'><strong>omni</strong></span> <span class='ocrx_word' id='word_1_137' title='bbox 809 2782 901 2847; x_wconf 87' lang='lat' dir='ltr'><strong>clero</strong></span> <span class='ocrx_word' id='word_1_138' title='bbox 915 2783 974 2865; x_wconf 92' lang='lat' dir='ltr'><strong>qui</strong></span> <span class='ocrx_word' id='word_1_139' title='bbox 990 2801 1142 2865; x_wconf 86' lang='lat' dir='ltr'><strong>praesens</strong></span> 
     </span>
     <span class='ocr_line' id='line_1_23' title="bbox 194 2880 1143 2964; baseline 0.001 -19"><span class='ocrx_word' id='word_1_140' title='bbox 194 2889 279 2946; x_wconf 88' lang='lat' dir='ltr'><strong>erat.</strong></span> <span class='ocrx_word' id='word_1_141' title='bbox 343 2880 566 2963; x_wconf 87' lang='lat' dir='ltr'><strong>Responsum</strong></span> <span class='ocrx_word' id='word_1_142' title='bbox 588 2888 642 2946; x_wconf 89' lang='lat' dir='ltr'><strong>est</strong></span> <span class='ocrx_word' id='word_1_143' title='bbox 663 2881 713 2945; x_wconf 91' lang='lat' dir='ltr'><strong>eis</strong></span> <span class='ocrx_word' id='word_1_144' title='bbox 739 2901 760 2945; x_wconf 93' lang='lat' dir='ltr'><strong>a</strong></span> <span class='ocrx_word' id='word_1_145' title='bbox 786 2881 903 2964; x_wconf 86' lang='lat' dir='ltr'><strong>legato</strong></span> <span class='ocrx_word' id='word_1_146' title='bbox 930 2882 1077 2946; x_wconf 86' lang='lat' dir='ltr'><strong>ubertim</strong></span> <span class='ocrx_word' id='word_1_147' title='bbox 1108 2889 1143 2946; x_wconf 89' lang='lat' dir='ltr'><strong>et</strong></span> 
     </span>
     <span class='ocr_line' id='line_1_24' title="bbox 195 2980 1144 3065; baseline 0 -20"><span class='ocrx_word' id='word_1_148' title='bbox 195 2980 395 3065; x_wconf 83' lang='lat' dir='ltr'><strong>splendide3</strong></span> <span class='ocrx_word' id='word_1_149' title='bbox 419 2988 466 3059; x_wconf 86' lang='lat' dir='ltr'><strong>et,</strong></span> <span class='ocrx_word' id='word_1_150' title='bbox 491 2981 697 3064; x_wconf 91' lang='lat' dir='ltr'><strong>quominus</strong></span> <span class='ocrx_word' id='word_1_151' title='bbox 721 2981 820 3046; x_wconf 89' lang='lat' dir='ltr'><strong>fieret</strong></span> <span class='ocrx_word' id='word_1_152' title='bbox 842 2980 934 3065; x_wconf 90' lang='lat' dir='ltr'><strong>quod</strong></span> <span class='ocrx_word' id='word_1_153' title='bbox 960 2982 1144 3062; x_wconf 85' lang='lat' dir='ltr'><strong>rogabant,</strong></span> 
     </span>
     <span class='ocr_line' id='line_1_25' title="bbox 195 3080 1143 3165; baseline -0.001 -19"><span class='ocrx_word' id='word_1_154' title='bbox 195 3082 316 3147; x_wconf 92' lang='lat' dir='ltr'><strong>eadem</strong></span> <span class='ocrx_word' id='word_1_155' title='bbox 333 3082 445 3145; x_wconf 89' lang='lat' dir='ltr'><strong>oratio</strong></span> <span class='ocrx_word' id='word_1_156' title='bbox 459 3098 538 3163; x_wconf 88' lang='lat' dir='ltr'><strong>quae</strong></span> <span class='ocrx_word' id='word_1_157' title='bbox 552 3080 662 3163; x_wconf 86' lang='lat' dir='ltr'><strong>pridie</strong></span> <span class='ocrx_word' id='word_1_158' title='bbox 679 3081 810 3146; x_wconf 89' lang='lat' dir='ltr'><strong>habita.</strong></span> <span class='ocrx_word' id='word_1_159' title='bbox 842 3080 1027 3165; x_wconf 89' lang='lat' dir='ltr'><strong>Adjectum</strong></span> <span class='ocrx_word' id='word_1_160' title='bbox 1042 3082 1143 3165; x_wconf 89' lang='lat' dir='ltr'><strong>quin-</strong></span> 
     </span>
     <span class='ocr_line' id='line_1_26' title="bbox 186 3180 1143 3264; baseline -0.003 -16"><span class='ocrx_word' id='word_1_161' title='bbox 186 3184 314 3259; x_wconf 88' lang='lat' dir='ltr'><strong>etiam,</strong></span> <span class='ocrx_word' id='word_1_162' title='bbox 331 3180 388 3245; x_wconf 90' lang='lat' dir='ltr'><strong>‘N</strong></span> <span class='ocrx_word' id='word_1_163' title='bbox 391 3201 436 3245; x_wconf 93' lang='lat' dir='ltr'><strong>on</strong></span> <span class='ocrx_word' id='word_1_164' title='bbox 456 3182 576 3245; x_wconf 87' lang='lat' dir='ltr'><strong>decere</strong></span> <span class='ocrx_word' id='word_1_165' title='bbox 597 3188 638 3244; x_wconf 88' lang='lat' dir='ltr'><strong>ut</strong></span> <span class='ocrx_word' id='word_1_166' title='bbox 654 3180 926 3259; x_wconf 88' lang='lat' dir='ltr'><strong>Londonienses,</strong></span> <span class='ocrx_word' id='word_1_167' title='bbox 941 3182 1000 3264; x_wconf 91' lang='lat' dir='ltr'><strong>qui</strong></span> <span class='ocrx_word' id='word_1_168' title='bbox 1019 3182 1143 3264; x_wconf 87' lang='lat' dir='ltr'><strong>praeci-</strong></span> 
     </span>
     <span class='ocr_line' id='line_1_27' title="bbox 195 3280 1142 3365; baseline -0.001 -20"><span class='ocrx_word' id='word_1_169' title='bbox 195 3283 257 3365; x_wconf 90' lang='lat' dir='ltr'><strong>pui</strong></span> <span class='ocrx_word' id='word_1_170' title='bbox 273 3281 488 3345; x_wconf 91' lang='lat' dir='ltr'><strong>habebantur</strong></span> <span class='ocrx_word' id='word_1_171' title='bbox 506 3282 544 3344; x_wconf 91' lang='lat' dir='ltr'><strong>in</strong></span> <span class='ocrx_word' id='word_1_172' title='bbox 554 3280 691 3363; x_wconf 79' lang='lat' dir='ltr'><strong>&#39;Anglia</strong></span> <span class='ocrx_word' id='word_1_173' title='bbox 712 3282 803 3345; x_wconf 87' lang='lat' dir='ltr'><strong>sieut</strong></span> <span class='ocrx_word' id='word_1_174' title='bbox 817 3300 989 3365; x_wconf 90' lang='lat' dir='ltr'><strong>proceres,</strong></span> <span class='ocrx_word' id='word_1_175' title='bbox 1005 3281 1142 3346; x_wconf 89' lang='lat' dir='ltr'><strong>illorum</strong></span> 
     </span>
     <span class='ocr_line' id='line_1_28' title="bbox 188 3380 1144 3465; baseline -0.002 -20"><span class='ocrx_word' id='word_1_176' title='bbox 188 3388 312 3465; x_wconf 69' lang='lat' dir='ltr'><strong>,partes</strong></span> <span class='ocrx_word' id='word_1_177' title='bbox 335 3381 491 3447; x_wconf 80' lang='lat' dir='ltr'><strong>foverent</strong></span> <span class='ocrx_word' id='word_1_178' title='bbox 504 3382 567 3463; x_wconf 91' lang='lat' dir='ltr'><strong>qui</strong></span> <span class='ocrx_word' id='word_1_179' title='bbox 580 3381 757 3446; x_wconf 90' lang='lat' dir='ltr'><strong>dominum</strong></span> <span class='ocrx_word' id='word_1_180' title='bbox 774 3400 876 3444; x_wconf 89' lang='lat' dir='ltr'><strong>suum</strong></span> <span class='ocrx_word' id='word_1_181' title='bbox 897 3382 934 3443; x_wconf 90' lang='lat' dir='ltr'><strong>in</strong></span> <span class='ocrx_word' id='word_1_182' title='bbox 957 3381 1049 3446; x_wconf 92' lang='lat' dir='ltr'><strong>bello</strong></span> <span class='ocrx_word' id='word_1_183' title='bbox 1064 3380 1144 3445; x_wconf 88' lang='lat' dir='ltr'><strong>reli-</strong></span> 
     </span>
     <span class='ocr_line' id='line_1_29' title="bbox 195 3480 1142 3567; baseline -0.002 -21"><span class='ocrx_word' id='word_1_184' title='bbox 195 3489 355 3567; x_wconf 88' lang='lat' dir='ltr'><strong>querant,</strong></span> <span class='ocrx_word' id='word_1_185' title='bbox 383 3501 529 3564; x_wconf 90' lang='lat' dir='ltr'><strong>quorum</strong></span> <span class='ocrx_word' id='word_1_186' title='bbox 555 3481 698 3546; x_wconf 89' lang='lat' dir='ltr'><strong>consilio</strong></span> <span class='ocrx_word' id='word_1_187' title='bbox 730 3480 821 3544; x_wconf 90' lang='lat' dir='ltr'><strong>idem</strong></span> <span class='ocrx_word' id='word_1_188' title='bbox 850 3488 1008 3544; x_wconf 88' lang='lat' dir='ltr'><strong>sanctam</strong></span> <span class='ocrx_word' id='word_1_189' title='bbox 1033 3482 1142 3545; x_wconf 88' lang='lat' dir='ltr'><strong>eccle·</strong></span> 
     </span>
     <span class='ocr_line' id='line_1_30' title="bbox 195 3579 1142 3664; baseline -0.002 -19"><span class='ocrx_word' id='word_1_190' title='bbox 195 3583 283 3645; x_wconf 90' lang='lat' dir='ltr'><strong>siam</strong></span> <span class='ocrx_word' id='word_1_191' title='bbox 307 3581 595 3658; x_wconf 86' lang='lat' dir='ltr'><strong>exhonoraverat,</strong></span> <span class='ocrx_word' id='word_1_192' title='bbox 612 3580 672 3664; x_wconf 91' lang='lat' dir='ltr'><strong>qui</strong></span> <span class='ocrx_word' id='word_1_193' title='bbox 697 3589 871 3663; x_wconf 90' lang='lat' dir='ltr'><strong>postremo</strong></span> <span class='ocrx_word' id='word_1_194' title='bbox 889 3600 959 3645; x_wconf 92' lang='lat' dir='ltr'><strong>non</strong></span> <span class='ocrx_word' id='word_1_195' title='bbox 978 3583 1022 3646; x_wconf 94' lang='lat' dir='ltr'><strong>ob</strong></span> <span class='ocrx_word' id='word_1_196' title='bbox 1047 3579 1142 3662; x_wconf 89' lang='lat' dir='ltr'><strong>aliud</strong></span> 
     </span>
     <span class='ocr_line' id='line_1_31' title="bbox 194 3680 1143 3764; baseline -0.001 -19"><span class='ocrx_word' id='word_1_197' title='bbox 194 3682 279 3764; x_wconf 86' lang='lat' dir='ltr'><strong>ipsis</strong></span> <span class='ocrx_word' id='word_1_198' title='bbox 308 3680 606 3746; x_wconf 90' lang='lat' dir='ltr'><strong>Londoniensibus</strong></span> <span class='ocrx_word' id='word_1_199' title='bbox 635 3681 751 3745; x_wconf 85' lang='lat' dir='ltr'><strong>favere</strong></span> <span class='ocrx_word' id='word_1_200' title='bbox 774 3681 981 3744; x_wconf 84' lang='lat' dir='ltr'><strong>videbantur</strong></span> <span class='ocrx_word' id='word_1_201' title='bbox 1008 3681 1076 3745; x_wconf 89' lang='lat' dir='ltr'><strong>nisi</strong></span> <span class='ocrx_word' id='word_1_202' title='bbox 1103 3686 1143 3744; x_wconf 88' lang='lat' dir='ltr'><strong>ut</strong></span> 
     </span>
    </p>
   </div>
   <div class='ocr_carea' id='block_1_5' title="bbox 193 3780 689 3864">
    <p class='ocr_par' dir='ltr' id='par_1_9' title="bbox 193 3780 689 3864">
     <span class='ocr_line' id='line_1_32' title="bbox 193 3780 689 3864; baseline -0.012 -18"><span class='ocrx_word' id='word_1_203' title='bbox 193 3798 258 3846; x_wconf 89' lang='lat' dir='ltr'><strong>eos·</strong></span> <span class='ocrx_word' id='word_1_204' title='bbox 270 3782 427 3864; x_wconf 84' lang='lat' dir='ltr'><strong>pecuniis</strong></span> <span class='ocrx_word' id='word_1_205' title='bbox 442 3780 689 3862; x_wconf 70' lang='lat' dir='ltr'><strong>emungerent!</strong></span> 
     </span>
    </p>
   </div>
   <div class='ocr_carea' id='block_1_6' title="bbox 196 4088 1144 4244">
    <p class='ocr_par' dir='ltr' id='par_1_10' title="bbox 196 4088 1144 4244">
     <span class='ocr_line' id='line_1_33' title="bbox 196 4088 1144 4244; baseline 0.001 -72"><span class='ocrx_word' id='word_1_206' title='bbox 196 4120 403 4244; x_wconf 55' lang='grc' dir='ltr'><strong>ιςιυὶιῗὲιιιῆ</strong></span> <span class='ocrx_word' id='word_1_207' title='bbox 433 4122 483 4183; x_wconf 81' lang='lat' dir='ltr'><strong>E.;</strong></span> <span class='ocrx_word' id='word_1_208' title='bbox 505 4088 608 4175; x_wconf 87' lang='lat' dir='ltr'><strong>omitted</strong></span> <span class='ocrx_word' id='word_1_209' title='bbox 631 4122 658 4172; x_wconf 89' lang='grc' dir='ltr'><strong>ιιι</strong></span> <span class='ocrx_word' id='word_1_210' title='bbox 682 4193 705 4242; x_wconf 64' lang='lat' dir='ltr'><strong><em>L</em></strong></span> <span class='ocrx_word' id='word_1_211' title='bbox 713 4120 729 4243; x_wconf 61' lang='grc' dir='ltr'>Ξ</span> <span class='ocrx_word' id='word_1_212' title='bbox 740 4117 861 4191; x_wconf 67' lang='lat' dir='ltr'><strong>Offerre]</strong></span> <span class='ocrx_word' id='word_1_213' title='bbox 879 4123 912 4174; x_wconf 82' lang='grc' dir='ltr'><strong>Ε.</strong></span> <span class='ocrx_word' id='word_1_214' title='bbox 921 4138 929 4185; x_wconf 88' lang='lat'>;</span> <span class='ocrx_word' id='word_1_215' title='bbox 952 4123 1051 4185; x_wconf 79' lang='lat' dir='ltr'><strong>afferre,</strong></span> <span class='ocrx_word' id='word_1_216' title='bbox 1067 4121 1096 4172; x_wconf 77' lang='lat' dir='ltr'><strong>S.</strong></span> <span class='ocrx_word' id='word_1_217' title='bbox 1109 4122 1144 4173; x_wconf 86' lang='lat' dir='ltr'><strong>D.</strong></span> 
     </span>
    </p>
   </div>
   <div class='ocr_carea' id='block_1_7' title="bbox 0 0 1554 5050">
    <p class='ocr_par' dir='ltr' id='par_1_11' title="bbox 0 0 1554 5050">
     <span class='ocr_line' id='line_1_34' title="bbox 0 0 1554 5050; baseline 0 0"><span class='ocrx_word' id='word_1_218' title='bbox 0 0 1554 5050; x_wconf 95' lang='lat' dir='ltr'><strong> </strong></span> 
     </span>
    </p>
   </div>
  </div>
 </body>
</html>
