3100 5050
425 489 491 556 398
635 505 749 554 orsus
774 503 900 552 aucun
925 505 1141 553 nuouonuu.
1219 489 1306 570 [nin.
1324 501 1379 550 111.

426 663 586 745 quamvis
596 662 781 746 justiorem
797 679 939 726 causam
955 660 1082 726 habere
1092 662 1279 738 videretur,
1289 654 1378 726 ¹cum

425 782 467 826 eo
483 763 665 828 decernere
680 762 771 826 ferro
785 763 944 840 cavebat,
961 762 1018 826 cui
1034 770 1070 827 et
1082 782 1146 844 pro
1160 769 1378 828 sacramento

425 870 461 927 et
484 884 547 947 pro
568 863 733 945 suffragio
757 861 931 926 obnoxius
948 871 1035 928 erat.
1088 862 1246 945 Reliquit
1263 870 1378 927 tamen

425 965 590 1046 primates
613 964 748 1047 aliquos
763 955 824 1045 qui
845 963 1013 1045 impetum
1030 963 1164 1045 regium
1178 964 1376 1042 tardarent3

424 1084 571 1147 quorum
610 1065 741 1128 astutia
766 1061 900 1128 insidiis
929 1071 1109 1147 exceptus,
1138 1062 1375 1127 isembardum

426 1162 567 1230 Pontivi
583 1166 743 1230 comitem
758 1182 875 1226 coram
900 1183 939 1228 se
960 1163 1171 1241 obtruncari,
1187 1163 1376 1245 Hugonem

426 1263 629 1330 Pardulsum
654 1266 744 1347 capi,
776 1263 899 1327 merito
928 1263 1107 1346 ingemuit.
1161 1263 1237 1328 Nee
1267 1264 1376 1328 multo

424 1373 515 1449 post,
538 1386 579 1430 eo
604 1365 740 1430 dulcem
761 1363 956 1441 Franciam,
971 1365 1054 1447 quia
1070 1383 1126 1428 res
1150 1365 1241 1428 male
1265 1384 1375 1428 cesse-

424 1475 491 1544 rat,
514 1473 704 1549 repetente,
729 1483 844 1529 comes
866 1463 1043 1542 Arnensis
1066 1464 1156 1528 fame
1178 1464 1317 1529 tabidus
1340 1473 1376 1528 et

424 1566 486 1631 vix
503 1567 639 1632 ossibus
654 1566 801 1641 hectone,
815 1564 981 1629 deditioni
998 1565 1185 1642 consensit,
1200 1565 1244 1628 ad
1259 1584 1377 1629 exem·

424 1667 520 1749 plum
545 1668 749 1744 clementiae,
774 1664 818 1728 ad
839 1665 1003 1730 iudicium
1027 1664 1219 1743 industriae,
1234 1665 1318 1729 vitoe
1340 1673 1376 1730 et

424 1768 586 1831 membris
609 1773 818 1832 reservatus.
871 1765 1030 1850 Hujusce
1052 1765 1241 1830 obsidionis
1267 1766 1375 1829 inter·
1415 1815 1419 1820 .

424 1868 517 1932 vallo
547 1868 696 1950 populus
733 1865 840 1931 castri
869 1867 962 1949 quod
995 1866 1206 1930 Molendinis
1237 1866 1376 1944 dicitur,

424 1969 638 2045 exolescens
669 1968 713 2032 ad
743 1974 861 2051 partes
896 1967 989 2048 regis
1020 1967 1197 2031 incentore
1225 1966 1376 2049 quodam

425 2068 582 2134 Galterio
605 2068 755 2132 transiit.
808 2066 1005 2148 Imponitur
1025 2068 1073 2131 ibi
1096 2087 1166 2130 non
1180 2068 1298 2149 segnis
1313 2067 1377 2130 mi-

422 2169 524 2233 litum
555 2187 688 2246 manus,
718 2168 883 2250 praefecto
910 2166 1071 2231 Guidone
1100 2167 1208 2232 fratre
1238 2167 1375 2231 comitis

425 2268 654 2334 Pictavensis
707 2268 745 2332 Is
760 2267 948 2350 aliquantis
962 2267 1084 2330 diebus
1105 2267 1226 2332 sedulo
1242 2267 1375 2332 militiae

423 2370 542 2433 munia
564 2377 733 2433 executus
762 2375 838 2446 est3
871 2386 992 2432 verum
1018 2369 1256 2433 crebrescente
1283 2368 1377 2431 fama

425 2468 590 2535 Arcensis
612 2469 780 2547 victoriae,
811 2468 995 2533 Franciam
1025 2468 1177 2551 elapsuS,
1204 2489 1275 2553 non
1300 2469 1376 2533 leve

424 2571 673 2635 incrementum
687 2569 834 2635 accessit
850 2568 981 2633 ducalis
998 2570 1131 2651 gloriae.

260 2688 414 2779 ffiffiueu
476 2672 591 2756 §233
617 2672 693 2736 Nec
717 2690 781 2735 rex
806 2670 983 2734 Henricus
1011 2670 1083 2734 otio
1108 2668 1264 2747 indulsit,
1291 2669 1375 2752 quin

260 2752 383 2833 nonnil}
425 2774 606 2853 grunniret
634 2772 809 2836 exereitus
851 2790 934 2834 snos
970 2770 1119 2835 ludibrio
1148 2770 1254 2833 fuisse
1285 2768 1376 2833 Wil-

424 2872 548 2952 lelmo;
571 2873 701 2937 coactis
722 2873 843 2955 itaque
867 2871 1027 2935 omnibus
1050 2871 1193 2947 viribust,
1216 2877 1251 2934 et
1265 2869 1375 2952 copiis

423 2973 610 3057 bipartitis
636 2980 747 3037 totam
778 2972 961 3037 inundavit
990 2970 1266 3036 Normanniam:
1300 2970 1376 3052 ipse

423 3073 466 3137 de
488 3082 587 3156 parte
604 3066 751 3137 ²Galliee
770 3072 925 3149 Celticae,
948 3091 1027 3154 quse
1051 3072 1143 3135 inter
1161 3070 1376 3135 Garumnam

423 3181 459 3237 et
473 3173 670 3256 Sequanam
686 3173 812 3238 fluvios
823 3173 931 3256 jacet,
947 3170 1110 3253 quicquid
1127 3170 1277 3234 militum
1300 3177 1376 3234 erat

422 3292 486 3337 suo
502 3274 609 3338 ductu
625 3273 785 3353 trahens3
800 3268 971 3337 ³0donem
982 3271 1123 3334 fratrem
1137 3262 1377 3351 populo⁴Gal·

457 3448 465 3481 ¹
477 3454 539 3501 Cum
556 3466 582 3501 eo
597 3454 722 3501 dccemwre
733 3451 804 3512 serm
817 3465 885 3499 rove-
945 3445 957 3476 ⁴
970 3444 1062 3494 Gallie
1073 3444 1206 3508 Belgae]
1219 3446 1376 3506 Pomponius

423 3521 485 3587 bot]
505 3524 579 3584 Upon
590 3523 661 3571 these
671 3523 756 3571 words
773 3522 816 3569 the
830 3520 886 3569 edi-
911 3517 983 3565 Mela
992 3516 1090 3575 writes,
1100 3516 1136 3564 ‘A
1143 3515 1276 3565 Garumna
1287 3516 1320 3564 ad
1331 3517 1377 3566 Se-

422 3596 473 3641 tors
495 3593 524 3642 of
543 3594 586 3641 the
608 3594 671 3641 Rec.
689 3593 736 3641 des
756 3592 827 3639 Hist.
853 3590 885 3639 de
910 3602 1021 3649 quanam
1033 3586 1130 3649 Celtas,
1141 3586 1200 3634 inde
1212 3586 1245 3637 ad
1257 3586 1376 3636 Rhenum

420 3663 447 3712 la
464 3664 560 3713 France
582 3662 692 3723 remark,
714 3662 886 3723 ‘Priusquam
910 3658 1035 3719 pertinere
1047 3658 1143 3721 Belgas
1152 3657 1168 3716 ;'
1179 3658 1226 3705 but
1240 3658 1328 3719 Pliny,
1343 3658 1376 3708 ‘a

421 3734 487 3782 enim
510 3734 627 3796 praelium
657 3736 800 3781 consereret
827 3745 884 3779 cum
911 3728 1030 3788 Sequana
1040 3728 1074 3776 ad
1086 3727 1222 3777 Scaldem!
1249 3728 1377 3791 Ptolemy,

421 3804 535 3853 Henrico
546 3819 615 3866 rege,
625 3803 735 3851 debebat
741 3802 886 3851 Willelmus
911 3798 1029 3860 Orosius,
1040 3798 1091 3847 and
1101 3799 1196 3859 others,
1206 3798 1321 3847 describe
1332 3799 1375 3848 tbe

419 3874 536 3937 homagio
545 3878 570 3923 et
578 3874 637 3923 fidei
644 3874 787 3922 renuntiare
798 3889 804 3921 :
816 3872 885 3933 quod
910 3869 1010 3917 bounds
1020 3869 1050 3918 oi
1063 3870 1172 3931 Belgian
1184 3869 1255 3919 Gaul
1266 3870 1300 3918 ‘a
1316 3883 1375 3930 sep-

420 3945 522 4006 quidem
545 3945 598 3993 fieri
615 3947 714 4006 poterat
732 3943 764 3991 ob
786 3943 885 4005 regium
910 3940 1041 3988 temtrione
1057 3954 1178 3989 oceanum
1192 3940 1376 3999 Britannicum,

419 4014 599 4064 malefactum!
910 4010 943 4058 ab
965 4010 1060 4059 oriente
1079 4010 1172 4059 flumen
1192 4009 1318 4070 Rhenum,
1334 4010 1376 4059 vel

454 4114 465 4147 2
479 4116 590 4179 Gallim]
606 4118 636 4165 c·
648 4117 683 4166 D.
696 4116 729 4165 E·
741 4116 809 4177 Lm
822 4116 885 4167 Gal·
910 4085 1007 4198 monpels
1018 4080 1131 4198 Adililam
1141 4080 1276 4161 etJurum‚
1288 4081 1377 4197 abelq-

553 4188 582 4238 s·
909 4164 1376 4282 contuentem

453 4291 464 4321 ³
477 4290 718 4355 Odoaemsratrem]
730 4290 778 4340 See
789 4305 816 4351 p.
827 4294 885 4354 317,
910 4294 943 4340 ab
954 4306 1046 4340 occasu
1065 4291 1171 4339 fluvium
1190 4291 1332 4352 Sequanam
1350 4296 1377 4340 et

419 4364 476 4410 note
486 4358 503 4409 ⁴.
910 4361 1023 4412 Galliam
1038 4361 1252 4423 Lugdunensem)
