3100 5050
186 540 255 590 mr.
276 525 344 606 1v.]
418 542 532 591 casm
551 543 678 592 uacua
701 543 917 592 avouoauu.
1068 529 1134 594 583

183 699 329 764 cessitas
346 720 417 784 qua
437 699 620 784 intercepti
645 708 744 766 erant
759 702 859 788 alpit,
873 709 909 766 et
922 702 1132 769 ministravit
1144 728 1240 770 aarum

183 799 385 882 audaciam3
412 808 448 866 et
468 803 571 884 pauci
584 809 745 885 terraque
762 803 918 885 marique
932 804 1131 870 innumeras
1142 779 1292 871 iiiiifl‘m‘

182 901 386 965 sustinuere'
399 921 534 966 manus.
587 901 761 985 Namque,
784 910 823 967 ut
836 905 948 968 visum
970 911 1023 968 est
1045 907 1131 970 satis

182 1007 314 1065 metum
337 1002 492 1080 tinxisse,
515 1002 679 1067 confertis
699 1001 877 1067 ordinibus
899 1011 934 1068 et
956 1007 1131 1070 conversis

180 1101 292 1182 signis
305 1102 464 1190 inimicos
473 1103 549 1187 jam
555 1102 700 1186 jamque
710 1103 927 1168 incursantes
938 1105 1128 1187 includere3

180 1200 232 1264 ita
244 1220 348 1266 versa
370 1223 484 1267 rerum
507 1204 608 1281 facie,
630 1205 691 1286 qui
704 1203 861 1268 vicerant
876 1204 971 1282 victi,
995 1211 1030 1268 et
1045 1207 1128 1270 victi

180 1300 277 1365 fuere
288 1304 451 1369 victores.
498 1302 606 1368 Turci
621 1303 816 1385 perniciosa
830 1304 927 1368 clade
944 1307 1126 1387 prostrati3
1140 1327 1225 1368 cereta
1234 1330 1271 1368 aa

179 1401 305 1485 reliqui
327 1402 372 1466 ad
395 1423 503 1468 naves
524 1404 697 1486 praecipiti
718 1403 833 1468 studio
850 1404 1035 1486 fugientes,
1050 1377 1216 1469 cummi

178 1501 215 1564 in
232 1501 343 1566 altum
358 1504 437 1586 plus
449 1505 548 1588 jactu
565 1504 705 1586 sagittae
721 1505 983 1587 processissent,
1000 1506 1050 1569 ita
1064 1525 1127 1569 na·

178 1601 311 1683 vigiam
323 1605 428 1668 remis
449 1612 485 1669 et
505 1605 590 1669 totis
612 1605 809 1687 pectoribus
825 1605 935 1668 innixi
957 1606 1127 1688 propelle-

179 1702 278 1779 bant,
289 1705 392 1786 quasi
406 1705 565 1769 manibus
576 1704 850 1769 adversariorum
867 1705 911 1769 ad
926 1712 1053 1769 terram
1069 1726 1123 1770 re-

178 1802 272 1868 trahi
283 1812 439 1886 possent.
481 1806 529 1870 Et
541 1811 583 1868 ut
594 1805 799 1869 miraculum
813 1824 883 1869 non
900 1806 990 1869 sicut
1005 1807 1125 1889 opina·

176 1902 246 1967 bile
267 1904 416 1982 dubites
433 1906 494 1969 sed
515 1907 607 1969 sicut
622 1905 758 1970 visibile
773 1904 1025 1987 quodammodo
1047 1907 1124 1988 pal·

176 2021 250 2085 pes,
277 2005 493 2070 solummodo
515 2013 665 2088 quatuor
688 2004 877 2069 Christiani
901 2005 1028 2069 milites
1056 2006 1124 2070 lusi

176 2103 358 2169 victoriam
382 2106 518 2169 cacteris
533 2106 702 2186 sanguine
718 2123 881 2188 peperere
898 2123 974 2168 suo.
1027 2103 1125 2183 Qua·

175 2211 319 2287 propter
347 2205 513 2270 confirmo
537 2205 630 2288 quod
657 2221 833 2288 nunquam
860 2203 1076 2269 Christicolae
1103 2225 1125 2268 a

175 2302 332 2386 Paganis
346 2307 567 2370 vincerentur
581 2305 613 2369 si
629 2311 710 2368 ante
736 2305 865 2368 bellum
888 2304 1124 2368 fortitudinem

174 2422 275 2468 suam
299 2406 499 2470 coelestibus
527 2405 688 2469 fulcirent
709 2405 891 2487 praesidiis,
914 2411 949 2468 et
971 2404 1007 2466 in
1033 2405 1124 2468 bello

173 2505 279 2569 armis
311 2507 384 2570 suis
411 2505 543 2571 amicas
573 2524 777 2588 superorum
807 2504 1023 2589 applicarent
1053 2504 1123 2568 vir-

174 2611 287 2685 tutes3
312 2606 374 2670 sed
395 2608 480 2690 quia
502 2607 539 2670 in
557 2625 644 2688 pace
666 2605 824 2669 omnibus
837 2624 884 2689 ,se
905 2604 1124 2685 ingurgitant

174 2704 330 2789 flagitiis,
347 2714 382 2771 et
397 2708 565 2790 inpugna
586 2705 663 2769 sola
683 2704 842 2768 nituntur
862 2703 1019 2780 audacia,
1033 2704 1123 2781 ideo,

173 2826 237 2869 nec
261 2807 445 2884 immerito,
460 2805 662 2870 multotiens
684 2804 850 2868 fortitudo
873 2822 991 2867 eorum
1007 2803 1124 2867 deviat

173 2925 195 2969 a
211 2906 305 2971 bona
319 2907 471 2971 fortuna.
524 2904 649 2970 Comes
675 2923 758 2985 ergo
782 2902 925 2986 pulchro
949 2901 1123 2983 triumpho

173 3006 350 3083 exultans,
365 3026 444 3070 cum
466 3024 625 3069 reversus
648 3010 741 3068 esset
756 3003 801 3066 ad
821 3002 933 3085 spolia
954 3020 1123 3065 caesorum

171 3106 400 3184 detrahenda,
423 3126 496 3170 non
520 3123 650 3188 paucos
674 3103 809 3166 Turcos
836 3100 978 3166 offendit
1003 3102 1121 3180 viv0s3

172 3225 262 3287 quos
282 3206 401 3271 damni
417 3223 600 3288 corporum
622 3204 804 3279 immunes,
814 3200 879 3265 'sed
899 3200 1054 3283 pecuniis
1069 3202 1123 3263 in·

171 3325 271 3383 anes,
300 3306 442 3370 dimisit.
495 3305 577 3388 Ipse
602 3322 680 3366 cum
703 3302 788 3377 suis,
816 3320 860 3364 ne
885 3300 1004 3381 aliqua
1028 3300 1123 3363 fraus

171 3403 311 3484 lateret,
335 3413 430 3470 retro
456 3404 632 3479 secedens,
654 3408 756 3466 nocte
782 3399 844 3463 illa
866 3399 929 3462 sub
954 3398 1123 3462 olivarum

170 3506 336 3588 virgultis
352 3504 544 3588 requievit:
568 3503 629 3566 sed
648 3520 731 3565 mox
746 3499 899 3562 diluculo
915 3517 993 3561 cum
1016 3517 1122 3579 expe·

172 3605 255 3670 ditis
280 3606 326 3670 ad
349 3606 531 3688 angustias
553 3602 712 3676 accessit,
735 3599 804 3662 fide
827 3596 967 3662 oculata
985 3597 1122 3660 visurus

172 3704 240 3771 loci
255 3712 439 3784 naturam3
460 3702 677 3784 intuitusque
693 3699 811 3763 omnia
825 3702 903 3762 tuta
920 3714 1006 3771 esse,
1023 3694 1121 3781 (nam

172 3804 279 3870 Turci
298 3806 359 3889 qui
381 3804 492 3889 pridie
514 3803 606 3866 circa
627 3806 779 3863 montem
796 3796 1004 3859 discursibus
1018 3794 1121 3857 lasci-

170 3907 320 3983 vierant,
349 3912 451 3969 nocte
488 3904 708 3983 intempesta,
739 3897 834 3960 caede
866 3914 1005 3981 suorum
1032 3894 1121 3969 visa,

172 4025 291 4069 omnes
314 3998 555 4086 diffugerant)
570 3998 820 4081 significatione
843 3994 928 4056 fumi
948 3993 1052 4069 facta,
1076 3993 1122 4054 si-

171 4113 231 4169 cut
253 4110 477 4179 convenerat,
506 4100 609 4165 sociis
637 4098 827 4160 discessum
857 4093 1008 4155 hostium
1041 4092 1122 4154 inti-

172 4206 294 4269 mavit.
348 4203 421 4280 Illi,
438 4219 613 4265 morarum
629 4195 776 4260 vinculis
800 4191 980 4265 absolutis
1002 4190 1131 4252 ducem‘

172 4306 338 4370 continuo
361 4301 480 4366 secuti.
534 4298 634 4361 Tunc
652 4294 763 4359 Beriti
788 4292 977 4354 admiratus
994 4289 1124 4381 victum¹

932 4404 948 4449 2
960 4414 976 4447 e
987 4403 1003 4447 2
