3100 5050
185 538 256 589 nm.
272 523 324 604 v.]
412 539 527 587 unsri
549 539 677 588 nuncu
702 537 917 588 suenorum.
1072 525 1138 590 657

186 689 342 761 lillorum
366 697 607 780 episcoporum
634 704 670 761 et
694 697 921 762 cardinalium
944 698 1016 780 qui,
1045 719 1135 781 prae-
1149 719 1269 761 cantator

185 804 289 879 cepto
303 797 433 862 domini
449 817 550 880 papae
566 796 759 874 Paschalis,
770 797 989 880 privilegium
1004 806 1039 863 et
1050 801 1136 864 ami·
1150 770 1285 862 illailla

186 897 306 960 citiam
329 897 469 961 domino
498 897 654 960 Henrico
691 896 891 978 imperatori
919 907 1137 965 sacramento
1150 869 1265 923 mm

186 996 501 1061 confirmaverunt:
541 995 669 1060 l’etrus
706 995 912 1061 Portuensis
941 998 1137 1082 episcopus,

187 1095 334 1165 Gentius
351 1095 552 1160 Sabinensis
569 1097 763 1179 episcopus,
783 1097 959 1163 Robertus
979 1099 1138 1164 cardina-

186 1196 232 1260 lis
259 1197 374 1260 sancti
401 1196 555 1274 Eusebii,
581 1195 790 1259 Bonefacius
814 1195 999 1262 cardinalis
1025 1201 1137 1263 sancti

190 1295 316 1374 Marci,
342 1294 552 1360 Anastasius
581 1296 767 1359 cardinalis
797 1297 909 1360 sancti
935 1296 1136 1377 Clementis,

189 1394 382 1478 Gregorius
400 1395 586 1460 cardinalis
602 1395 839 1478 apostolorum
856 1395 953 1461 Petri
970 1403 1006 1462 et
1020 1397 1137 1478 Pauli,

188 1496 273 1560 item
291 1495 483 1578 Gregorius
505 1495 691 1559 cardinalis
713 1495 825 1558 sancti
842 1495 1060 1578 chrisogoni,
1074 1497 1098 1560 J
1101 1518 1137 1561 o-

189 1595 322 1660 hannes
335 1595 520 1660 cardinalis
539 1602 671 1659 sanctae
689 1595 921 1672 Potentianae,
937 1595 1045 1660 Risus
1063 1617 1138 1662 car-

188 1696 315 1760 dinalis
355 1697 468 1760 sancti
513 1683 705 1772 Laurentii,
741 1694 912 1760 Reinerus
953 1696 1138 1761 cardinalis

180 1803 390 1861 sanctorum
428 1795 625 1860 Marcellini
657 1802 692 1859 et
726 1793 836 1871 Petri,
867 1795 995 1860 Vitalis
1026 1797 1137 1862 cardi-

189 1895 281 1960 nalis
309 1903 440 1968 sanctae
472 1895 642 1972 Balbinae,
667 1893 786 1958 'l'euzo
812 1894 996 1959 cardinalis
1025 1899 1139 1961 sancti
1219 1882 1224 1886 ’

191 1995 318 2074 Marci,
334 1995 551 2060 Thetbaldus
576 1994 761 2058 cardinalis
777 1992 800 2058 J
803 1994 949 2060 ohannis
970 2002 1005 2059 et
1020 1995 1135 2075 Pauli,

190 2096 214 2159 J
217 2096 371 2159 ohannes
387 2088 600 2160 decanus²in
615 2094 742 2159 Schola
753 2093 891 2171 Graeca,
905 2094 977 2159 Leo
986 2094 1135 2160 decanus

190 2196 303 2260 sancti
320 2195 464 2272 Vitalis,
479 2192 572 2258 Albo
587 2195 739 2258 decanus
755 2193 869 2276 Sergii
885 2200 920 2258 et
935 2195 1058 2259 Bachi.

241 2295 259 2379 ξ
275 2295 353 2360 422.
377 2295 460 2378 lpse
474 2295 580 2359 etiam
592 2313 656 2357 rex
670 2292 736 2357 hoc
754 2301 1010 2359 sacramentum
1029 2294 1132 2361 secit:

191 2395 294 2478 ‘Ego
318 2394 493 2459 Henricus
516 2414 580 2458 rex
596 2394 722 2458 liberos
737 2395 921 2472 dimittam,
937 2403 1063 2476 quarta
1079 2395 1135 2459 vel

189 2497 314 2579 quinta
329 2495 415 2560 feria
425 2495 597 2579 proxima,
612 2501 647 2559 et
662 2494 836 2559 dominum
858 2513 997 2579 papam,
1010 2503 1046 2561 et
1063 2495 1135 2579 epi-

189 2616 315 2679 scopos
329 2604 366 2661 et
379 2596 585 2674 cardinales
601 2602 636 2659 et
646 2614 765 2659 omnes
779 2597 937 2678 captivos
950 2602 986 2659 et
1000 2595 1136 2661 obsides

190 2698 252 2779 qui
268 2715 332 2780 pro
349 2715 390 2761 eo
406 2697 464 2760 vel
488 2716 567 2760 cum
584 2714 626 2758 eo
641 2696 736 2777 capti
753 2702 847 2773 sunt,
865 2702 900 2759 et
917 2714 1036 2759 secure
1057 2716 1135 2779 per·

188 2796 270 2861 duci
286 2795 411 2860 faciam
427 2796 521 2859 intra
535 2801 656 2878 portas
673 2795 944 2859 Transtiberinae
961 2794 1135 2875 civitatis3

189 2890 272 2961 'nec
288 2896 434 2961 ulterius
451 2895 600 2978 capiam,
610 2900 672 2958 aut
683 2895 762 2977 capi
778 2896 989 2978 permittam,
1001 2914 1061 2959 eos
1076 2896 1137 2978 qui

190 2997 226 3060 in
252 2996 421 3060 fidelitate
442 2995 571 3059 domini
586 3013 688 3077 papae
706 2993 888 3057 Paschalis
912 3003 1134 3077 permanent:

190 3104 227 3161 et
241 3089 388 3180 ⁴populo
406 3095 566 3160 Romano
580 3102 616 3159 et
633 3094 904 3159 Transtiberinae
919 3096 1052 3159 civitati
1074 3115 1137 3178 pa·

188 3217 263 3261 cem
289 3203 325 3260 et
341 3196 563 3259 securitatem
589 3195 749 3272 servabo,
766 3200 837 3257 tam
864 3213 926 3277 per
951 3215 1006 3258 me
1031 3214 1136 3278 quam

188 3318 251 3380 per
274 3315 382 3373 meos,
397 3296 434 3359 in
457 3294 628 3378 personis,
641 3294 702 3377 qui
723 3312 844 3377 pacem
867 3293 950 3357 mihi
974 3314 1137 3360 servave-

189 3399 272 3460 rint.
324 3396 512 3461 Dominum
527 3414 654 3479 papam
669 3393 817 3457 fideliter
831 3387 1005 3477 adjuvabo
1018 3402 1058 3457 ut
1074 3415 1136 3477 pa·

188 3504 310 3580 patum
323 3516 424 3560 suum
435 3496 551 3578 quiete
568 3502 603 3559 et
618 3513 738 3558 secure
755 3500 884 3557 teneat.
922 3493 1138 3559 Patrimonia

188 3605 225 3660 et
251 3597 489 3679 possessiones
522 3594 693 3659 Romanae
720 3594 876 3657 ecclesiae
903 3613 982 3676 quae
1009 3595 1138 3659 abstuli

190 3695 385 3774 restituam,
400 3703 437 3760 et
453 3702 580 3759 cuncta
596 3714 675 3777 quae
697 3693 825 3757 habere
839 3692 941 3757 debet
958 3712 1053 3757 more
1076 3714 1138 3759 an-

224 3982 371 4055 Harma]
389 3986 423 4037 A.
442 3987 471 4037 S.
491 3988 521 4037 Ο.
540 3986 577 4038 D.
597 3988 652 4037 En.
676 3986 786 4048 version,
807 3986 877 4035 there
906 3986 997 4049 taught
1023 3987 1139 4038 rhetorio.

189 4060 262 4118 [ὣς
278 4058 487 4107 omittedinEl.
663 4052 836 4122 ¹(Lumisden‚
848 4052 917 4119 318.)

224 4126 370 4176 ’lnSchoIo
379 4125 653 4189 Graeamechuroh
713 4123 725 4157 ⁸
747 4127 801 4173 Nec
823 4126 927 4174 ulterius
1020 4126 1139 4191 civitati]

192 4199 220 4247 oi
236 4199 264 4247 S.
275 4198 361 4247 Maria
378 4198 404 4245 in
420 4197 514 4245 Scuola
529 4195 614 4246 Greca
630 4195 653 4243 is
679 4196 709 4245 S.
723 4197 753 4245 C.
765 4196 801 4244 D.
811 4196 860 4255 Ε.;
877 4196 980 4245 omitted
991 4198 1017 4245 iu
1029 4196 1062 4247 A.
1073 4198 1129 4247 L2.

192 4284 220 4317 so
236 4268 318 4317 called
335 4267 400 4316 from
422 4282 439 4315 a
459 4266 579 4315 tradition
599 4265 655 4313 that
714 4264 724 4292 ⁴
747 4266 841 4327 Populo
864 4266 994 4329 Rorauaa]
1019 4267 1068 4328 ἃς
1096 4283 1142 4330 po·

192 4339 229 4387 St.
248 4338 401 4401 Augustius,
427 4336 512 4387 before
534 4336 575 4386 his
597 4349 655 4384 con·
679 4336 734 4397 puli
746 4336 862 4399 Romani,
874 4336 904 4387 G.
916 4336 951 4386 D.
963 4338 997 4387 E.
