3100 5050
147 532 151 538 ·
181 503 253 552 nra.
269 487 326 570 11.]
473 503 647 554 maronia
670 506 847 555 novatus.
1068 491 1133 557 725

179 662 392 728 reclinabat:
412 663 600 741 Robertus,
617 663 816 728 Christiana
831 662 961 747 pietate
976 662 1132 747 insignis,

179 763 216 826 in
236 763 356 829 Sancti
378 764 528 848 Spiritus
548 774 584 830 et
599 763 747 829 dominae
772 771 903 830 sanctae
923 764 1047 829 Mariae
1069 786 1132 850 pa-

180 865 327 930 trocinio
342 873 437 930 totus
451 865 623 949 pendulus
640 873 726 930 erat.
772 864 839 929 Ille
856 866 892 929 in
910 871 986 930 tota
1003 865 1131 945 Gallia,

180 973 217 1030 et
232 967 407 1049 partimin
424 966 613 1032 Germania
629 975 665 1031 et
680 966 890 1044 Brittannia,
900 965 1053 1032 fautores
1069 968 1131 1032 ha-

176 1067 279 1146 bens,
302 1087 438 1132 omnem
466 1069 569 1132 etiam
593 1067 789 1132 Romanam
815 1067 961 1151 plebem,
984 1076 1132 1152 excepto

180 1174 317 1246 senatu,
340 1170 539 1235 muneribus
565 1169 632 1233 sibi
653 1167 879 1234 devinxerat:
902 1169 981 1244 iste,
1005 1178 1133 1252 praeter

180 1269 409 1352 paucissimos
423 1270 484 1355 qui
499 1270 579 1334 fidei
591 1269 764 1353 quondam
783 1269 913 1352 juratae
928 1290 997 1334 non
1011 1270 1130 1335 imme·

181 1389 295 1435 mores
307 1378 405 1435 erant
418 1370 455 1434 in
471 1369 613 1454 Anglia,
629 1371 814 1453 optimates
829 1370 885 1435 vel
906 1370 1129 1436 adversantes

180 1471 237 1535 vel
251 1471 336 1535 nihil
358 1471 565 1557 adjuvantes
586 1479 752 1554 expertus
767 1479 832 1537 est.
883 1468 1031 1556 Appulit
1046 1492 1129 1556 ergo

181 1570 430 1653 Arundellum3
460 1574 577 1656 ibique
591 1592 750 1638 novercae
771 1591 857 1650 suae,
872 1592 987 1655 quam,
1002 1573 1131 1638 amissa

180 1680 293 1737 matre
315 1675 545 1757 imperatricis
567 1671 625 1760 (ut
647 1672 814 1756 praefatus
835 1670 941 1758 sum),
956 1673 1130 1739 Henricus

180 1793 244 1838 rex
261 1775 436 1857 quondam
448 1775 539 1840 lecto
554 1774 790 1857 copulaverat,
805 1781 883 1839 tuta
895 1772 953 1862 (ut
965 1771 1130 1860 putabat)

180 1875 339 1940 custodia
369 1895 522 1942 sororem
548 1875 686 1940 interim
715 1875 903 1958 delegavit.
955 1875 1037 1959 Ipse
1069 1897 1132 1960 per

44 1954 55 1994 '⁵'
181 1983 253 2040 tam
279 1976 468 2041 confertam
488 1976 694 2054 barbariem,
719 1977 781 2059 vix
808 1976 890 2040 dum
914 1974 972 2063 (ut
996 1975 1130 2064 audivi)

181 2077 363 2142 duodecim
376 2078 542 2142 militibus
558 2077 754 2155 comitatus,
770 2077 913 2141 Bristou
930 2078 1107 2142 contendit
1120 2099 1128 2160 ;

181 2185 382 2243 occurrente
404 2179 471 2243 sibi
487 2178 599 2242 medio
613 2178 746 2242 itineris
762 2178 892 2243 Briano
907 2178 978 2242 filio
995 2179 1130 2243 comitis

182 2299 227 2343 ex
244 2278 505 2362 walengeford.
557 2279 634 2345 Nec
661 2279 770 2344 multo
788 2286 868 2362 post
887 2280 1051 2361 cognovit
1072 2297 1130 2344 so-

181 2398 295 2445 rorem
321 2400 367 2444 ex
393 2378 585 2445 Arundello
616 2380 826 2464 profectam3
858 2399 1008 2444 noverca
1038 2382 1129 2444 enim

181 2480 346 2547 foeminea
366 2481 508 2548 levitate
529 2481 643 2559 fidem,
671 2481 799 2547 totiens
825 2481 929 2546 etiam
956 2481 1071 2547 missis
1092 2482 1135 2547 in.

182 2583 435 2648 Normanniam
447 2583 582 2648 nunciis
593 2583 809 2667 promissam,
825 2582 1005 2647 fefellerat.
1057 2584 1129 2648 De-

181 2684 233 2750 dit
256 2704 321 2749 rex
335 2677 455 2768 lporro
478 2683 690 2768 imperatrici
702 2683 954 2748 Wintoniensis
977 2684 1130 2768 episcopi

182 2783 331 2851 Henrici
347 2792 383 2851 et
398 2786 535 2850 comitis
549 2784 790 2864 Mellentensis
802 2784 1021 2849 Walleranni
1048 2804 1130 2861 con·

181 2885 325 2951 ductum
338 2906 347 2966 3
364 2906 466 2969 quem
479 2886 632 2963 cuilibet,
647 2884 807 2969 quamvis
820 2884 1041 2950 infestissimo
1062 2886 1128 2951 ini-

135 3038 144 3049 .
179 2986 282 3065 mico,
307 3006 434 3069 negare
457 2986 683 3051 laudabilium
704 2986 852 3050 militum
875 3005 949 3050 mos
969 3005 1039 3050 non
1063 2993 1126 3052 est.

181 3087 228 3152 Et
251 3086 497 3152 Wallerannus
527 3085 665 3171 quidem
691 3086 784 3150 ultra
810 3084 955 3149 Caluam
986 3086 1129 3151 tendere

178 3188 386 3271 supersedit,
413 3188 576 3271 episcopo
607 3188 645 3251 in
671 3186 843 3252 conductu
871 3195 1127 3269 perseverante.

180 3287 378 3354 Contractis
393 3308 476 3372 ergo
502 3307 617 3353 comes
639 3287 795 3353 celeriter
819 3288 928 3371 copiis
948 3287 992 3351 ad
1016 3296 1127 3354 metas

178 3408 200 3453 a
226 3409 308 3471 rege
332 3389 433 3453 datas
466 3388 619 3465 advenit,
651 3407 871 3471 sororemque
895 3380 957 3451 ²ad
985 3388 1127 3454 Bristou

178 3491 287 3555 tutior
310 3490 485 3573 perduxit.
536 3488 684 3573 Recepit
700 3488 802 3553 illam
825 3495 948 3571 postea
968 3489 1004 3552 in
1022 3488 1128 3555 Glos-

177 3599 326 3657 cestram
352 3590 453 3669 Milo,
475 3590 534 3675 qui
558 3589 738 3654 castellum
767 3588 921 3674 ejusdem
943 3590 1038 3654 urbis
1062 3591 1127 3655 sub

177 3692 303 3757 comite
325 3690 477 3756 babebat
501 3697 653 3774 tempore
676 3690 767 3771 regis
796 3688 953 3767 Henrici,
981 3690 1063 3756 dato
1095 3692 1128 3755 ei

177 3789 341 3875 homagio
363 3799 399 3857 et
423 3791 600 3857 fidelitatis
629 3797 865 3855 sacramento:
899 3809 979 3854 nam
1007 3792 1127 3856 eadem

166 3893 302 3958 civitas
316 3900 423 3976 caput
436 3899 489 3958 est
505 3893 559 3956 sui
573 3891 770 3957 comitatus.

215 4202 224 4233 ¹
245 4206 360 4272 Parra]
383 4209 439 4270 Ε.;
462 4222 532 4272 ergo,
553 4206 583 4257 S.
606 4207 641 4257 D.
703 4200 1042 4265 ’AdBrirtoutaticr.]E.;
1060 4198 1128 4249 Bris-

176 4278 233 4327 Η.
668 4281 734 4326 tovve
744 4274 779 4323 ad
788 4275 892 4336 tutiora,
902 4273 931 4323 S.
943 4271 978 4321 D.
993 4271 1044 4325 Μ.

863 4388 978 4478 'aa
