3100 5050
181 509 249 557 cru.
270 493 326 574 11.]
472 507 647 556 marolus
669 507 849 556 uovnunu.
1070 491 1136 556 727

180 667 268 733 nihil
290 667 429 732 omnino
451 665 506 754 (in
527 673 697 750 quantum
713 661 871 751 valebat)
895 661 1064 748 reliquum
1082 667 1135 732 fa-

181 769 276 833 ciens
298 769 391 852 quod
416 775 535 853 posset
556 767 705 832 inimicis
736 767 809 832 suis
843 766 917 832 esui
939 767 997 832 rel
1030 759 1133 834 alic'ui

183 889 263 934 usur
276 889 361 935 esse.

248 1052 297 1112 DE
321 1062 430 1113 OBITU
458 1062 506 1114 ΕΤ
531 1060 692 1112 Mourena
718 1060 873 1112 aoeuun
901 1059 1064 1110 EPISCOPI

541 1161 775 1214 suessulam.

233 1272 320 1358 §32
343 1271 464 1337 Tertio
486 1270 565 1335 idus
580 1269 781 1335 Decembris
800 1269 975 1352 Rogerius
998 1269 1134 1353 episco·
1146 1289 1249 1352 uersor

183 1394 250 1457 pus
277 1373 473 1438 Selesbiriae
497 1372 628 1436 febrem
656 1379 877 1455 quartanam,
899 1389 969 1454 qua
992 1371 1133 1455 jamdu·
1146 1341 1296 1442 iiiiii&

185 1475 270 1540 dum
280 1475 523 1558 quassabatur,
532 1467 715 1555 ¹benelieio
726 1473 846 1537 mortis
861 1473 973 1536 evasit
988 1492 996 1536 :
1015 1472 1134 1537 dolore
1147 1444 1197 1483 Μ’
1207 1445 1240 1483 ¹¹'

184 1575 293 1641 animi
308 1576 407 1640 aiunt
420 1595 499 1639 eum
520 1574 735 1639 contraxisse
749 1573 994 1651 ualetudinem,
1011 1579 1133 1656 utpote

184 1678 292 1742 tantis
314 1684 351 1742 et
371 1683 442 1740 tam
468 1674 597 1740 crebris
616 1695 639 1738 a
659 1695 742 1757 rege
763 1673 941 1758 Stephano
957 1674 1133 1756 pulsatum

183 1777 421 1852 incommodis.
472 1777 563 1841 Eum
578 1775 663 1839 mibi
679 1775 817 1840 videtur
827 1776 925 1841 Deus
938 1776 1134 1858 exemplum

186 1878 351 1944 divitibus
375 1898 439 1962 pro
466 1876 684 1943 volubilitate
710 1897 826 1942 rerum
858 1875 1068 1955 exhibuisse,
1091 1895 1135 1941 ne

186 1987 328 2063 sperent
351 1978 389 2043 in
406 1978 539 2043 incerto
564 1977 784 2059 divitiarum3
808 1995 896 2062 ques
918 1977 1058 2061 quidam
1080 1971 1135 2062 (ut

186 2081 237 2147 ait
250 2073 465 2165 ²apostolus)
479 2085 683 2163 appetentes
698 2097 720 2142 a
739 2079 806 2143 fide
828 2078 1134 2161 naufragaverunt.

189 2180 393 2246 Insinuatus
421 2187 475 2245 est
494 2180 606 2264 primo
627 2179 746 2244 comiti
766 2179 933 2263 Henrieo,
956 2180 1016 2262 qui
1038 2186 1135 2261 post·

188 2282 330 2347 modum
352 2302 418 2347 rex
441 2280 521 2359 suit,
545 2301 611 2364 pro
642 2280 827 2365 prudentia
850 2299 907 2345 res
930 2279 1136 2344 domesticas

158 2402 162 2407 ·
188 2381 462 2460 administram,
475 2389 512 2447 et
526 2381 649 2446 luxum
663 2381 804 2446 familiae
820 2379 1012 2446 cohibendi.
1055 2379 1138 2445 Fuit

162 2485 282 2550 enim
307 2483 482 2549 Henricus
505 2489 588 2548 ante
616 2503 761 2566 reguum
793 2482 829 2547 in
856 2482 1019 2567 expensis
1041 2482 1138 2565 parci

189 2586 296 2651 animi
321 2591 357 2651 et
370 2586 475 2669 frugi,
494 2586 641 2668 penuria
660 2584 795 2649 seilicet
808 2583 857 2649 rei
880 2582 1059 2648 familiaris
1082 2602 1138 2647 as·

190 2687 326 2766 trictus,
341 2686 506 2751 fratribus
520 2685 696 2750 Willelmo
714 2692 751 2750 et
766 2685 921 2749 Roberto
936 2691 1140 2767 arroganter

191 2809 271 2853 enm
284 2788 527 2853 tractantibus.
578 2784 689 2870 Cujus
712 2786 861 2868 cognitis
883 2786 1046 2862 moribus,
1065 2785 1139 2850 Ro·

192 2889 310 2971 gerins
326 2890 377 2954 ita
391 2908 469 2953 enm
486 2894 640 2970 tempore
653 2887 780 2970 inopiae
796 2885 976 2963 demeruit,
993 2892 1044 2963 ut,
1062 2904 1139 2950 cum

191 2990 251 3055 ille
272 2990 398 3055 solium
419 2987 517 3071 regni
539 2987 762 3065 ascendisset,
780 2987 865 3052 nihil
891 2985 923 3051 ei
938 2987 994 3051 vel
1016 3006 1140 3069 parum

192 3097 337 3173 negaret
370 3088 462 3174 quod
489 3088 564 3171 ipse
592 3087 780 3171 petendum
810 3093 986 3172 putasset:
1021 3087 1141 3168 largiri

191 3191 336 3275 praedia,
350 3189 526 3266 ecelesias,
536 3187 740 3272 praebendas
755 3189 969 3266 clericorum,
984 3187 1141 3253 abbatias

191 3292 347 3373 integras
377 3287 635 3367 monachorum,
660 3288 774 3371 ipsum
798 3295 973 3373 postremo
997 3309 1143 3371 regnum

193 3391 275 3456 fidei
299 3391 375 3476 ejus
400 3390 632 3457 committere:
656 3388 899 3453 cancellarium
913 3389 1012 3455 initio
1032 3389 1142 3472 regni,

194 3512 259 3558 nec
275 3490 385 3557 multo
399 3498 481 3576 post
497 3490 695 3574 episcopum
708 3490 917 3569 salesbiriae,
933 3490 1024 3555 fecit.
1071 3490 1144 3555 Ro·

194 3593 311 3677 gerius
327 3612 410 3675 ergo
427 3593 555 3675 agebat
573 3610 708 3668 causas,
724 3592 799 3675 ipse
821 3591 1066 3656 moderabatur
1081 3612 1142 3656 ex·

194 3713 336 3778 pensas,
359 3693 435 3778 ipse
468 3694 630 3757 servabat
654 3711 783 3775 gazas3
814 3691 880 3757 boc
912 3692 1053 3777 quando
1079 3712 1143 3757 rex

195 3794 333 3859 eratin
358 3792 501 3878 Anglia,
523 3792 590 3858 boe
618 3792 692 3857 sine
714 3793 809 3858 socio
833 3799 869 3857 et
894 3800 984 3859 teste
1006 3793 1144 3877 quando

194 3893 306 3983 (quod
323 3897 443 3960 erebro
464 3902 500 3959 et
512 3893 574 3959 (liu
596 3890 740 3979 accidit)
753 3896 952 3960 morabatur
970 3894 1145 3959 Norman·

194 3998 276 4062 niae.
327 3996 404 4061 Nec
422 3995 535 4061 solum
550 4014 574 4059 a
586 4014 680 4078 rege,
702 3994 763 4059 sed
785 4002 821 4060 et
842 3997 885 4061 ab
906 3994 1145 4079 optimatibus,

233 4268 400 4338 menaea]
418 4273 575 4336 annm
592 4274 659 4324 aee-

195 4340 294 4407 ῃρῆοῑο,
306 4344 336 4394 13.
720 4304 892 4373 'Apostolusfl
904 4312 917 4356 1
930 4308 994 4357 Tim.
1008 4320 1027 4357 1.
1041 4310 1081 4358 19.
