3100 5050
143 485 300 568 mo.1v.]
377 491 641 553 ousrn‘nuouu
666 503 881 553 rusiorum,
1033 481 1122 558 595,

148 660 263 740 gavit.
303 659 460 726 Portitor
468 662 599 726 chartae
613 662 678 725 fuit
692 661 875 726 homuncio
893 662 1014 745 SyruS,
1026 662 1098 745 qui,
1111 685 1206 748 aarum

149 761 219 824 etsi
239 761 464 840 inveniretur,
482 763 620 826 babitus
634 753 820 826 vilitate'et
835 763 1012 826 sermonis
1024 763 1100 828 noti
1110 737 1194 828 {iilud
1200 739 1262 778 Μ’

148 862 356 926 commercio
380 863 584 928 insidiantes
607 863 756 927 falleret.
809 862 891 940 Hic,
913 864 1005 927 notis
1034 864 1100 928 sibi

148 979 214 1042 per
243 963 345 1028 devia
375 963 586 1046 compendiis
613 963 821 1046 perfidorum
854 964 1008 1046 pericula
1040 963 1100 1027 de·

58 1126 61 1129 .
150 1061 300 1141 clinans,
316 1063 420 1129 tertio
441 1064 498 1128 die
519 1063 770 1147 lerosolymam
791 1065 960 1147 pervenit.
1010 1063 1101 1126 Tum

150 1163 288 1244 equites
305 1165 365 1247 qui
387 1166 506 1228 urbem
519 1164 735 1240 tutabantur,
746 1164 879 1249 junctis
895 1164 961 1226 sibi
976 1163 1102 1227 auxili-

154 1263 268 1326 arium
281 1264 437 1345 peditum
451 1265 585 1343 turmiS,
602 1265 646 1329 ad
663 1265 687 1328 J
690 1284 803 1348 oppen
819 1263 1019 1346 profecturi,
1035 1265 1103 1328 iter

154 1364 244 1426 mari
266 1365 465 1446 proximum
487 1366 703 1442 direxerunt,
724 1364 983 1430 mediterraneis
1007 1363 1103 1429 devi-

153 1465 259 1527 tatis:
271 1466 274 1477 '
286 1466 433 1530 extremi
447 1459 576 1530 ¹tamen
590 1465 739 1547 agminis
752 1463 876 1528 Turcis
898 1465 1103 1546 urgentibus

154 1562 341 1642 interfecti,
366 1565 459 1647 quod
476 1565 532 1631 vel
558 1567 657 1649 equis
679 1565 736 1630 vel
755 1565 930 1648 peditibus
956 1565 1102 1629 destitu-

155 1665 316 1729 ebantur.
368 1665 427 1730 Ita
442 1666 663 1747 congregatis
680 1685 726 1729 ex
744 1664 970 1748 lerosolymis
994 1683 1104 1730 nona·

157 1765 257 1845 ginta
283 1766 470 1847 equitibus,
500 1784 546 1830 ex
571 1765 767 1849 Tyberiade
796 1765 987 1848 octoginta,
1016 1785 1104 1848 quos

158 1862 194 1926 H
199 1884 268 1946 ugo
281 1865 354 1930 dux
368 1865 628 1930 strenuissimus
643 1866 837 1930 adduxerat
849 1866 885 1928 in
900 1864 1104 1943 subsidium,

155 1965 319 2047 armigeri
342 1986 480 2050 quoque
500 1985 565 2048 pro
589 1956 736 2049 penuria
758 1967 795 2030 in
818 1965 931 2030 locum
956 1965 1104 2030 militum

157 2065 286 2131 allecti.
320 2065 468 2131 Postera
484 2086 568 2148 ergo
582 2065 637 2129 die
653 2084 785 2129 moram
799 2085 926 2148 pugnae
943 2066 1104 2143 absolvit,

159 2164 283 2228 'furcis
304 2165 380 2250 jam
405 2167 492 2230 adeo
515 2165 687 2231 ferocibus
717 2172 756 2228 ut
775 2167 909 2248 paratis
938 2166 1106 2238 machinis

158 2285 295 2328 murum
310 2266 334 2329 J
337 2267 437 2349 oppis
453 2265 597 2348 aggredi
610 2259 889 2330 ²meditarentur.
941 2265 1106 2330 Praeven-

159 2373 234 2430 tum
251 2366 316 2429 hoc
334 2367 528 2431 Baldewini
544 2365 736 2448 diligentia,
753 2373 790 2430 et
806 2366 991 2430 Dominioa
1006 2385 1107 2431 cruce

160 2467 304 2549 praevia,
333 2485 404 2551 qua
434 2467 593 2550 superius
621 2465 750 2530 bellum
785 2473 954 2532 caruerat.
1007 2466 1108 2531 Totis

160 2561 310 2631 ³viribus
337 2567 375 2632 in
401 2567 521 2632 hostes
542 2567 705 2631 alacriter
726 2568 827 2645 itum,
850 2568 976 2631 acriter
999 2575 1109 2631 certa-

161 2674 255 2746 tum;
283 2667 397 2745 atilli,
412 2688 508 2731 more
524 2667 629 2731 solito
646 2673 784 2730 nostros
802 2667 1109 2751 circumgyrantes,

161 2774 277 2831 actum
291 2767 334 2831 de
352 2766 559 2831 Christianis
580 2773 760 2849 putarunt,
781 2767 883 2830 hilari
898 2768 1032 2831 ululatu
1050 2788 1111 2831 vo-

145 2866 368 2932 ciferantes:
384 2866 445 2931 sed
463 2866 573 2944 affuit,
588 2873 624 2931 et
640 2867 683 2930 de
695 2865 786 2930 coelo
801 2868 941 2931 tandem
956 2869 1111 2950 respexit

164 2967 336 3033 Dominus
357 2967 380 3030 J
383 2985 475 3044 esus,
499 2967 714 3049 Francisque
735 2967 990 3031 animositatem
1012 2968 1110 3049 inge-

163 3086 255 3144 rens,
269 3066 426 3130 inimicos
442 3085 565 3148 campo
588 3067 745 3148 privatos
760 3066 910 3149 conjecit
925 3068 962 3131 in
979 3068 1109 3149 fugam.

164 3166 244 3231 Hoc
269 3166 363 3231 etin
389 3166 553 3229 anteriori
574 3166 696 3247 praelio
718 3166 849 3229 sactum
876 3174 941 3243 est,
965 3174 1017 3244 ut,
1041 3187 1110 3230 non

162 3265 269 3332 semel
284 3265 386 3349 ejecti
403 3264 574 3343 tentoriis,
589 3273 712 3349 postea
730 3265 955 3330 multitudine
967 3282 1111 3357 snpera-

51 3432 55 3439 ,
163 3368 254 3431 rint:
278 3369 353 3429 tum
374 3372 490 3430 autem
504 3385 582 3429 cum
596 3365 729 3447 pedites
753 3364 887 3429 eminus
901 3367 1053 3447 sagittis
1077 3374 1112 3431 et

165 3467 300 3549 equites
319 3466 449 3529 lanceis
471 3465 626 3529 cominus
641 3465 796 3543 ferirent,
812 3467 906 3529 omni
932 3485 993 3548 spe
1018 3466 1113 3549 pedi·-

164 3568 228 3631 bus
243 3566 438 3641 commissa,
453 3565 574 3647 fugere
588 3584 866 3648 perseveravere.

213 3666 233 3749 ᾧ
258 3664 334 3729 385.
358 3662 482 3728 Altera
514 3666 565 3728 illi
593 3684 712 3747 pugna
735 3666 983 3747 posterioribus
1011 3665 1111 3728 annis
1124 3683 1245 3724 nonus.

163 3766 240 3842 fuit,
255 3765 292 3829 in
307 3784 377 3847 qua
392 3764 522 3828 milites
536 3766 660 3842 nostri,
676 3763 868 3827 'lurcorum
886 3764 987 3848 copia
1001 3766 1111 3847 pressi

163 3866 257 3930 etin
282 3865 402 3946 fingam
424 3864 507 3942 acti,
525 3865 630 3928 etiam
653 3863 807 3928 salutare
831 3865 998 3929 vexillum
1027 3866 1112 3927 ami-

201 4091 334 4165 mm]
357 4096 392 4147 A.
411 4098 440 4147 s.
461 4099 492 4148 c.
513 4098 548 4147 n.
568 4099 625 4147 nr.

166 4168 211 4228 la.;
226 4168 331 4217 omitted
342 4166 367 4215 iu
379 4168 435 4216 El.
686 4162 844 4234 ³Viribua]
868 4169 897 4217 C.
915 4168 950 4215 D.
970 4166 1020 4225 E.;
1043 4168 1114 4228 regni

199 4231 424 4305 werinmar]
436 4238 464 4288 S.
473 4238 508 4287 D.
520 4238 569 4298 E.;
582 4237 626 4285 de·
650 4237 757 4301 viribus,
769 4238 798 4287 S.
811 4238 859 4299 L.-;
877 4237 1051 4301 regiminibus,
1062 4238 1095 4286 Α.

167 4306 307 4371 liberarent,
318 4308 351 4356 L.
