3100 5050
165 484 325 566 maun]
397 501 511 552 onsra
533 502 661 550 nnouu
685 501 901 553 suetonum
1053 487 1120 553 467

166 658 322 743 eJectus3
338 678 360 723 a
374 661 581 743 quibusdam
595 661 722 727 dicitur
737 680 759 725 a
777 662 911 726 civibus
926 661 963 726 in
978 661 1119 744 publico
1240 676 1246 681 ·

166 759 270 842 epulo
293 760 509 826 interfectae.
561 761 732 827 Veritatis
760 782 844 844 ergo
873 763 998 828 notitia
1022 763 1119 826 labat

166 860 202 923 in
228 859 347 937 dubio,
370 861 452 926 licet
473 868 595 926 neuter
615 882 734 927 eorum
755 861 905 951 desuerit
922 862 1023 927 lamae
1043 882 1117 927 suae

165 961 372 1042 patrocinio.

219 1059 237 1143 §
251 1060 329 1125 288.
354 1061 423 1124 Illa
439 1060 506 1125 fuit
518 1056 715 1144 ‘tempestas
730 1081 801 1145 qua
814 1061 960 1127 Henrici
974 1061 1034 1149 (de
1048 1082 1118 1145 quo
1129 1090 1261 1140 anamim

166 1159 258 1224 inter
280 1169 381 1242 gesta
401 1152 569 1226 Willelmi
591 1163 728 1226 locutus
751 1160 845 1248 sum)
866 1162 1061 1227 miserabile
1082 1170 1119 1227 et
1129 1140 1270 1242 ‘diffidi'

167 1278 257 1342 pene
276 1260 453 1325 funestum
474 1282 536 1344 per
552 1262 807 1346 quinquaginta
821 1282 931 1327 annos
948 1260 1117 1327 Alamanv

167 1360 227 1425 nia
252 1361 422 1443 ingemuit
448 1361 641 1444 imperium.
692 1362 781 1427 Erat
806 1363 838 1427 is
867 1382 980 1446 neque
1000 1364 1118 1427 inern-

166 1460 262 1525 ditus
284 1481 397 1544 neque
417 1462 579 1544 ignavuS,
610 1461 671 1525 sed
699 1461 772 1528 fato
800 1463 951 1546 quodam
975 1464 1020 1527 ab
1043 1483 1117 1527 onr-

167 1562 270 1625 nibus
282 1563 334 1626 ita
348 1562 540 1644 impetitus,
555 1568 595 1626 ut
608 1582 680 1627 rem
693 1562 871 1645 religionis
884 1570 1036 1628 tractare
1052 1564 1119 1628 sibi

166 1661 347 1726 videretur
373 1662 529 1745 quisquis
563 1663 601 1726 in
636 1662 734 1726 illum
770 1683 868 1727 arma
901 1663 1116 1747 produceret.
1220 1658 1223 1668 ’

168 1760 336 1827 Habebat
366 1763 457 1825 lilios
486 1761 585 1840 duos,
612 1760 810 1828 conradum
837 1771 873 1828 et
904 1764 1117 1829 Henricum:

167 1863 264 1944 prior
288 1862 372 1926 nibil
393 1862 535 1945 impium
557 1870 681 1927 contra
696 1871 875 1945 parentem
896 1883 1015 1942 ausus,
1037 1866 1118 1928 sub·

163 1962 291 2045 jugata
323 1962 441 2041 ltalia,
472 1963 566 2046 apud
588 1960 750 2027 Aretium
781 1964 957 2029 civitatem
980 1965 1119 2029 Tusciae

168 2062 242 2127 dies
271 2064 493 2145 expleverat:
517 2063 606 2127 alter
628 2070 775 2146 patrem,
798 2064 1052 2147 aliquantulum
1074 2065 1119 2129 ab

167 2163 325 2227 externis
339 2163 513 2241 feriatum,
527 2164 639 2246 primo
652 2164 720 2228 aevi
734 2165 906 2247 tyrocinio
920 2183 1119 2247 aggressus,

167 2264 290 2327 cedere
304 2263 447 2347 imperio
461 2264 647 2346 compulit;
670 2282 734 2328 nec
747 2265 857 2329 multo
872 2272 964 2348 post,
978 2264 1120 2329 defunc·

167 2370 243 2427 tum
267 2363 504 2446 imperialibus
528 2363 659 2428 inferiis
685 2364 822 2429 extulit.
874 2364 975 2430 Vivit
993 2365 1118 2443 adbuc,

167 2463 324 2548 ejusdem
348 2465 531 2530 sententiae
559 2462 786 2548 pertinaciter
808 2483 942 2548 sequax
963 2485 1027 2548 pro
1050 2484 1120 2549 qua

166 2572 303 2647 patrem
319 2565 594 2649 persequendum
613 2572 820 2647 putaverat:
844 2585 925 2630 nam
947 2572 983 2630 et
1003 2566 1119 2630 inves-

166 2665 312 2729 tituram
329 2665 552 2730 ecclesiarum
570 2685 634 2748 per
646 2665 809 2730 baculum
825 2672 861 2729 et
875 2666 1041 2730 annulum
1056 2666 1118 2729 do-

167 2771 241 2841 nat,
257 2771 293 2828 et
306 2765 381 2829 sine
402 2785 466 2831 suo
482 2765 652 2830 arbitratu
667 2784 794 2848 papam
806 2766 954 2830 electum
977 2785 1047 2830 non
1069 2767 1119 2830 le·

166 2865 328 2947 gitinmm
343 2866 513 2945 aestimat;
529 2865 611 2929 licet
623 2864 797 2944 calixtus,
813 2858 886 2949 ¹qui
902 2865 1003 2930 modo
1016 2884 1119 2948 apos·

167 2963 284 3028 tolicae
309 2964 383 3028 sedi
403 2964 579 3047 praesidet,
594 2965 813 3029 immodicam
828 2964 895 3029 viri
917 2964 1118 3030 aviditatem

166 3065 308 3147 egregie
329 3064 527 3129 inhibuerit.
579 3063 711 3129 Verum
727 3064 770 3128 de
789 3064 842 3128 bis
860 3064 962 3148 plura
975 3085 1030 3128 me
1045 3065 1118 3129 dic-

165 3170 286 3228 turum
306 3164 415 3229 lector
428 3164 660 3249 praestoletur,
680 3184 758 3228 cum
780 3165 887 3231 series
908 3166 1119 3231 narrationis

166 3264 364 3348 expetierit.

219 3364 238 3448 §
252 3363 330 3428 289.
354 3364 466 3431 Porro
487 3363 726 3428 Hildebraudo
740 3381 834 3446 papa
848 3360 907 3449 (ut
920 3362 1011 3450 dixi)
1026 3387 1117 3431 mor·
1129 3379 1271 3471 &my

167 3471 242 3542 tuo,
265 3471 302 3529 et
317 3464 462 3530 Urbano
482 3484 505 3528 a
526 3465 758 3528 cardinalibus
782 3463 905 3541 electo,
929 3464 1118 3546 imperator
1129 3493 1225 3530 eorem
1237 3482 1279 3522 and

168 3564 272 3629 haesit
289 3565 324 3628 in
340 3566 518 3648 proposito
538 3572 579 3629 ut
594 3565 791 3630 Wibertum
812 3562 991 3646 praeferret
1003 3571 1039 3628 et
1053 3585 1117 3647 pa·
1128 3532 1278 3582 mmm

167 3684 249 3747 pam
278 3662 465 3743 dictitaret,
494 3665 699 3747 Romaeque,
732 3664 842 3727 altero
874 3663 1033 3746 expulso,
1063 3665 1118 3728 in·

169 3764 298 3828 ferret:
322 3763 382 3828 sed
407 3763 551 3848 aequiori
575 3762 633 3851 (ut
659 3760 859 3848 videbatur)
884 3780 997 3826 causae
1020 3763 1119 3827 affuit

167 3864 293 3929 militia
309 3857 488 3928 ²Matildis
504 3863 679 3941 Marcisae,
694 3883 772 3947 quae
789 3862 899 3927 oblita
913 3881 1032 3940 sexus,
1054 3883 1118 3928 nec

203 4065 355 4124 ,deo
432 4066 465 4116 ol.
534 4069 561 4115 d.
693 4028 1119 4092 ²Matt1aun1mboe.]8hewas

166 4070 501 4201 detdmcafixtssffloess
508 4081 634 4199 ³30ng
657 4102 700 4151 the
717 4101 844 4165 daughter
863 4101 893 4150 ol
911 4100 1032 4150 Boniface
1049 4099 1120 4148 duke

658 4172 687 4220 ol
705 4171 833 4234 Tuscany,
855 4170 906 4220 and
927 4175 955 4219 at
976 4171 1022 4219 her
1042 4169 1119 4218 deatlr

167 4207 633 4328 11111111011
1020 4253 1121 4302 ....

657 4312 726 4362 sious
737 4326 807 4373 upon
816 4311 860 4360 tire
870 4309 930 4372 boly
940 4324 992 4362 see.
