3100 5050
411 485 477 549 472
638 496 751 545 onsrn
774 496 901 544 ancuu
922 493 1138 543 nuownuu.
1211 476 1296 559 [mo.
1315 490 1366 537 ur.

415 658 668 722 Eboracensem
684 656 875 732 volutatur,
891 653 1096 719 describam.
1149 650 1204 715 De
1226 667 1297 732 qua
1319 668 1369 724 re,

416 766 456 821 ut
471 757 574 840 plane
596 755 712 820 norint
729 756 873 838 posteri,
890 754 974 839 quid
991 752 1071 817 inde
1093 750 1229 834 antiqui
1250 755 1368 831 patres

416 857 586 921 senserint
601 875 786 939 apponam.

419 1099 517 1158 QUOD
534 1096 654 1145 OMNES
669 1094 829 1144 nrlscorl
853 1092 982 1140 rorws
1005 1088 1219 1139 BRITANNIAE
1235 1087 1370 1135 altom-

527 1196 692 1245 Erlscoro
715 1192 959 1244 DOROBERNIAE
981 1188 1261 1239 SUBJICIANTUR.

503 1302 677 1390 Gregorius
694 1325 783 1387 papo
798 1299 974 1382 Augustino
992 1297 1095 1383 primo
1118 1297 1294 1382 Angloram

664 1400 892 1485 archiepiscopo
908 1400 1120 1463 Doroberniae.

473 1526 583 1611 §295
607 1525 706 1589 ‘Tua
720 1525 920 1588 fraternitas
937 1543 1006 1587 non
1023 1523 1136 1587 solum
1158 1540 1218 1585 eos
1240 1515 1373 1603 episco-

422 1648 487 1711 pos
504 1646 591 1710 quos
613 1625 836 1701 ordinaverit,
854 1643 967 1706 neque
982 1623 1045 1687 hos
1059 1620 1297 1686 tantummodo
1315 1620 1375 1702 qui

423 1747 486 1812 per
497 1720 506 1757 ¹
516 1726 769 1790 Eboraoensem
781 1725 980 1806 episcopum
995 1722 1123 1787 fuerint
1139 1720 1301 1795 ordinati,
1315 1719 1377 1782 sed

425 1827 530 1895 otiam
555 1844 674 1890 omnes
695 1824 888 1889 Britanniae
904 1822 1113 1898 sacerdotes,
1137 1819 1276 1895 babeat,
1299 1818 1376 1882 Deo

426 1926 578 1990 Domino
593 1932 713 1989 nostro
728 1923 751 1987 J
754 1944 816 1987 esu
834 1922 974 1987 Christo
991 1929 1144 1998 auctore,
1161 1917 1361 2003 subjectos!

520 2120 708 2209 Bonisucias
722 2124 815 2187 «lusto
829 2120 1058 2205 archiepiscopo
1072 2119 1284 2183 Doroberaiae.

479 2243 497 2327 §
524 2243 601 2307 296.
625 2242 751 2307 ‘Absit
776 2245 821 2307 ab
849 2244 944 2308 omni
964 2243 1163 2309 Christiano
1186 2252 1227 2309 ut
1248 2265 1294 2308 ex
1318 2244 1379 2308 illa

428 2343 570 2407 civitate
582 2343 801 2407 Dorobernia
814 2343 946 2425 aliquid
958 2344 1145 2422 minuatur,
1160 2346 1271 2409 autin
1285 2343 1381 2408 aliud

429 2449 593 2521 mutetur,
621 2462 713 2506 nunc
744 2443 800 2507 vel
833 2442 959 2506 futuris
990 2445 1215 2528 temporibus,
1248 2464 1328 2529 quae
1360 2463 1383 2506 a

430 2544 684 2627 praedecessore
703 2549 823 2609 nostro
844 2543 983 2608 domino
1005 2560 1099 2627 papa
1114 2544 1286 2628 Gregorio
1309 2553 1382 2609 sta·

432 2651 619 2721 tutasunt‚
634 2663 774 2726 quoquo
790 2644 893 2708 modo
908 2663 964 2707 res
978 2644 1139 2709 humanae
1155 2653 1382 2727 quassantur:

433 2744 493 2807 sed
509 2745 621 2826 magis
637 2764 682 2806 ex
698 2744 906 2807 auctoritate
920 2744 1014 2808 beati
1032 2743 1129 2808 Petri
1147 2745 1384 2827 apostolorum

434 2843 600 2927 principis
621 2843 658 2906 id
675 2845 791 2926 ipsum
810 2844 1051 2926 praecipientes
1072 2843 1261 2921 firmamus,
1284 2851 1325 2908 ut
1346 2845 1384 2907 in

436 2943 653 3008 Dorobernia
677 2945 820 3008 civitate
844 2961 980 3026 semper
1001 2944 1038 3005 in
1059 2951 1237 3025 posterum
1259 2951 1387 3008 metro-

435 3043 612 3127 politanus
637 3044 744 3107 totius
761 3043 954 3107 Britanniae
976 3042 1074 3106 locus
1097 3043 1287 3123 habeatur-3
1311 3063 1386 3106 om·

437 3162 567 3224 nesque
600 3142 788 3223 provinciae
815 3143 913 3223 regni
945 3139 1151 3223 Anglorum,
1179 3150 1219 3207 ut
1249 3142 1388 3226 praefati

438 3241 506 3305 loci
520 3241 796 3323 metropolitanae
811 3240 967 3304 ecclesiae
981 3241 1222 3324 subjiciantur,
1233 3243 1388 3306 immuti-

439 3341 512 3404 lata
536 3346 571 3403 et
597 3347 766 3424 perpetua
789 3340 980 3405 'stabilitate
1004 3340 1231 3405 decernimus.
1282 3340 1389 3404 Hanc

440 3447 557 3504 autem
574 3440 767 3517 ecclesiam,
784 3446 906 3523 utpote
931 3439 1128 3523 specialiter
1143 3441 1389 3505 consistentem

440 3541 506 3603 sub
533 3547 707 3622 potestate
732 3546 767 3603 et
797 3539 943 3604 tuitione
971 3546 1102 3604 sauctae
1132 3539 1303 3604 Romanae
1334 3559 1392 3604 ec-

440 3639 567 3715 clesiae,
590 3639 620 3701 si
645 3639 724 3721 quis
749 3646 895 3702 conatus
916 3638 1020 3703 fuerit
1041 3637 1254 3716 imminuere,
1288 3639 1391 3720 eique

441 3737 484 3800 de
506 3757 678 3802 concessae
702 3737 887 3820 potestatis
906 3738 987 3821 jure
1010 3739 1173 3821 quioquid
1196 3738 1393 3816 abstulerit,

441 3837 576 3901 auferat
591 3856 669 3901 eum
688 3837 786 3901 Deus
808 3838 851 3901 de
871 3838 960 3901 libro
977 3838 1072 3914 vitae,
1087 3839 1245 3921 sciatque
1265 3857 1304 3903 se
1326 3839 1393 3903 sub

441 3935 671 4000 anathematis
684 3938 834 4002 vinculis
848 3956 924 4001 esse
940 3937 1126 4002 nodatum'

564 4249 573 4281 ¹
585 4251 780 4315 Ebcrucemem]
797 4251 832 4302 Δ.
841 4251 871 4302 S.
882 4252 917 4302 D.
929 4253 981 4314 E.;
998 4252 1131 4315 amma,
1144 4253 1174 4304 C.
1186 4252 1221 4303 D.
1233 4253 1266 4303 11.
