3100 5050
154 519 224 567 mn.
243 501 315 584 nn]
382 519 496 568 cus‘rn
522 520 650 570 nneuu
674 508 892 570 Anononuu.
1042 507 1110 572 459

153 677 303 758 pecunia
316 696 387 743 non
403 685 522 761 posset
533 699 663 762 regere.
716 680 800 746 Non
816 651 876 745 est
897 681 953 745 hic
974 681 1107 764 aliquid

155 769 266 840 ¹aliud
289 779 525 844 excusationis
539 780 631 864 quod
655 779 808 859 afferam,
823 781 890 845 nisi
914 782 1006 865 quod
1029 784 1107 865 qui-

153 876 234 940 dam
257 877 359 955 dixit,
373 878 549 943 ‘Necesse
568 887 622 945 est
646 889 686 945 ut
706 881 835 946 multos
857 882 990 959 timeat,
1004 901 1107 964 quem

153 977 257 1041 multi
269 978 415 1043 timent.'
467 979 561 1044 Nam
577 981 647 1058 ille,
660 1001 723 1062 pro
738 981 862 1046 timore
876 983 1105 1063 inimicorum,

151 1078 351 1159 provincias
366 1097 448 1142 suas
462 1081 610 1162 pecunia
623 1083 844 1164 emungebat,
863 1101 933 1163 qua
953 1083 1105 1164 impetus

153 1197 273 1242 eorum
286 1179 344 1243 vel
357 1179 511 1244 tardaret
523 1181 580 1245 vel
592 1181 697 1245 etiam
714 1183 934 1265 propelleret,
948 1201 1104 1265 persaepe

152 1284 192 1341 ut
220 1278 262 1341 fit
286 1278 323 1342 in
346 1280 449 1342 rebus
471 1280 631 1345 humanis
654 1281 785 1346 viribus
814 1283 973 1359 cassatis,
1002 1282 1104 1346 fidem

151 1377 314 1442 hostilem
343 1380 486 1462 praemio
514 1383 742 1465 pigneratus:
775 1391 900 1465 regnat
926 1382 1040 1446 adhuc
1068 1390 1104 1448 et

149 1479 262 1542 indies
286 1486 435 1561 augetur
450 1479 592 1565 hujusce
607 1482 786 1546 dedecoris
806 1483 998 1561 calamitas,
1014 1489 1104 1548 utet

150 1578 246 1643 villae
261 1581 467 1644 eteoclesiae
483 1582 706 1664 pensionibus
720 1591 982 1665 supponantur3
1008 1589 1045 1646 et
1059 1602 1102 1647 ne

149 1678 215 1742 hoc
240 1679 380 1763 quidem
409 1689 578 1764 perpetua
607 1688 810 1746 exactorum
833 1683 913 1760 fide,
939 1683 1000 1746 sed
1025 1685 1102 1765 qui·

150 1798 290 1862 cunque
309 1781 388 1863 plus
411 1782 587 1860 obtulerit,
603 1784 734 1861 statim,
748 1785 862 1866 pactis
878 1782 986 1848 irritis
1008 1785 1102 1867 prio·

150 1881 260 1958 ribus,
274 1881 425 1962 palmam
441 1881 579 1946 habeat.

201 1979 220 2064 ἓ
242 1979 322 2046 281.
346 1981 513 2071 Extremo
534 1983 617 2048 vitae
644 1989 799 2066 tempore
820 1983 856 2047 in
883 1982 1102 2047 Normannia
1115 2008 1207 2048 wuam

149 2080 325 2158 habitans,
341 2083 529 2148 contractis
543 2083 732 2148 inimicitiis
752 2102 830 2147 cum
849 2102 933 2164 rege
947 2083 1099 2148 Franco·
1112 2058 1211 2170 tltfflt

148 2201 237 2258 rum,
264 2181 515 2266 aliquantisper
536 2203 574 2248 se
599 2184 789 2264 continuit3
826 2183 927 2266 eujus
945 2184 1099 2248 abutens
1112 2159 1199 2272 lidii,

147 2283 332 2363 patientia,
355 2283 538 2367 Philippus
561 2283 671 2348 fertur
686 2283 828 2360 dixisse,
842 2283 945 2347 ‘Rex
960 2282 1099 2365 Angliae

142 2381 240 2465 jacet
257 2381 459 2465 Rotomagi,
483 2403 579 2449 more
600 2384 838 2448 absolutarum
858 2390 963 2465 partu
986 2383 1100 2448 foemi-

148 2501 274 2547 narum
306 2483 418 2547 cubile
446 2482 591 2562 fovens,'
610 2484 751 2569 jocatus
779 2485 817 2548 in
841 2483 917 2568 ejus
944 2491 1100 2549 ventrem

146 2602 253 2665 quem
274 2584 414 2665 potione
435 2585 626 2650 alleviarat.
680 2584 761 2663 Quo
783 2584 999 2668 praestrictus
1018 2604 1101 2649 con·

147 2684 248 2760 vitio,
275 2684 464 2767 respondit,
488 2685 598 2749 ‘Cum
623 2684 666 2749 ad
692 2686 834 2749 missam
859 2692 939 2767 post
961 2692 1100 2767 partum

146 2784 234 2860 iero,
248 2777 405 2848 ²centum
419 2784 528 2849 millia
541 2785 704 2849 candelas
714 2786 746 2849 ei
759 2786 876 2851 libabo
886 2786 907 2864 ;'
918 2785 1003 2850 talia
1022 2790 1101 2868 ‘per

146 2884 434 2948 resurrectionem
459 2892 494 2950 et
517 2885 735 2969 splendorem
759 2886 839 2949 Dei’
854 2886 1101 2968 pronuncians,

147 2983 242 3066 quod
265 2985 394 3049 soleret
410 3005 452 3048 ex
468 2985 638 3050 industria
653 2986 738 3051 talia
755 2992 974 3050 sacramenta
987 2984 1101 3049 facere

148 3104 227 3166 quae
236 3085 314 3167 ipso
325 3078 440 3151 ³hiatu
454 3086 523 3151 oris
536 3086 723 3151 terrificum
734 3087 897 3169 quiddam
905 3085 1102 3150 auditorum

146 3183 323 3249 mentibus
336 3186 549 3251 insonarent.

200 3284 309 3368 §282
335 3285 411 3349 Nec
434 3287 545 3351 multo
564 3294 657 3370 post,
670 3284 833 3368 Augusto
857 3305 975 3349 mense
995 3286 1100 3351 decli-
1114 3302 1261 3351 uomente-

148 3392 268 3462 nante,
287 3386 425 3467 quando
441 3393 476 3451 et
490 3395 625 3469 segetes
646 3386 683 3449 in
705 3387 813 3468 agris,
826 3392 862 3449 et
883 3385 975 3449 botri
996 3386 1033 3449 in
1047 3388 1100 3450 vi·

149 3486 237 3564 neis,
253 3492 290 3549 et
302 3505 407 3568 poma
422 3487 459 3551 in
474 3486 658 3564 viridariis,
681 3486 817 3569 copiam
836 3484 892 3547 sui
906 3484 1102 3549 volentibus

184 3772 192 3803 ¹
203 3774 306 3837 Aliud]
327 3776 357 3826 G.
366 3774 401 3825 D.
410 3774 444 3824 E.
454 3790 461 3835 ς
472 3774 576 3825 omitted
587 3774 614 3823 in
636 3773 735 3836 lighted
746 3776 819 3833 taper
835 3771 862 3819 in
877 3771 923 3820 her
932 3770 1010 3831 hmd,
1020 3774 1047 3819 at
1058 3770 1100 3820 the

149 3844 183 3896 A.
196 3846 227 3896 S.
238 3845 271 3895 L.
637 3842 732 3892 church
743 3842 814 3905 door,
824 3841 909 3890 where
928 3841 973 3890 she
984 3841 1007 3889 is
1018 3842 1099 3902 sprin-

183 3912 314 3965 ¹Ceatum
323 3912 402 3962 millio
418 3914 529 3962 candelos
545 3912 568 3961 ei
585 3913 615 3962 li·
637 3914 698 3961 kled
709 3912 772 3961 with
786 3912 847 3973 holy
857 3916 945 3974 water,
956 3912 1006 3959 aud
1022 3910 1099 3959 aster-

149 3980 229 4053 tam]
260 3984 387 4045 Alludiug
404 3988 431 4032 to
452 3984 495 4033 the
517 3988 614 4032 custom
637 3984 722 4033 warde
733 3982 874 4031 conducted
884 3980 1098 4031 intotheehurch.

150 4070 249 4105 women
259 4054 424 4103 hadinthose
436 4054 500 4116 days
508 4052 614 4103 ofoffer-
637 4053 690 4102 The
718 4054 829 4114 practice
856 4066 937 4101 seems
962 4051 1100 4099 connected

149 4126 192 4188 iug
210 4125 311 4187 lighted
334 4124 437 4176 caudles
456 4124 531 4173 when
554 4123 614 4184 they
638 4123 701 4171 with
719 4122 762 4172 the
780 4122 881 4171 festival
897 4120 926 4170 os
939 4122 981 4170 the
1005 4122 1101 4170 Purifi-

149 4211 214 4245 were
232 4195 372 4244 churched.
399 4194 450 4245 Mr.
458 4194 555 4255 Sharpe
571 4196 615 4242 ob·
638 4194 722 4242 cation
732 4208 739 4253 ς
750 4208 774 4243 r.
787 4191 904 4252 Durand,
914 4192 960 4242 lib.
972 4205 1020 4241 vu.
1031 4206 1054 4242 c.
1067 4192 1102 4241 l.'

151 4281 244 4329 serves,
265 4265 337 4314 ‘The
357 4264 463 4313 Romish
483 4264 561 4313 ritual
577 4264 615 4312 di·
673 4261 805 4325 ³Hiota.]
829 4263 860 4310 0.
878 4261 913 4310 D.
929 4264 980 4323 E.;
1002 4262 1101 4325 habitu,

150 4342 213 4387 reete
224 4337 267 4386 the
279 4348 382 4386 woman
392 4338 418 4384 to
429 4334 513 4396 kueel,
524 4334 586 4383 with
598 4349 614 4383 a
640 4333 669 4382 S.
679 4350 686 4394 ς
704 4333 795 4397 halitu,
806 4333 852 4393 L.;
869 4333 945 4396 rictu,
955 4333 990 4383 A.
