3100 5050
183 525 255 574 nm.
272 510 347 592 uu]
471 528 645 578 maroam
669 529 847 578 uovnnnr.
1070 513 1136 578 759

182 685 448 768 imperatricem,
472 688 661 770 praemisit3
696 688 820 770 quibus
848 680 1281 770 ¹praetergressis,am1unt-

183 792 224 850 ut
243 785 319 869 jam
344 793 422 852 tuto
446 795 588 870 possent
608 787 767 864 evadere,
784 789 859 871 ipse
885 788 1012 852 sensim
1036 788 1131 870 equi·
1144 756 1290 847 {illidiu-

183 893 275 964 tans,
289 905 333 950 ne
348 887 469 952 similis
486 888 579 970 fugae
599 888 766 970 profectio
786 891 978 971 putaretur,
992 888 1131 954 admisit
1144 856 1285 948 iiiff‘w'*

181 986 219 1050 in
240 1007 279 1050 se
304 989 583 1070 persequentium
596 1007 730 1065 manus,
745 990 933 1053 amicorum
955 988 1130 1052 liberatio-

182 1106 263 1150 nem
289 1087 534 1170 impedimento
559 1108 623 1152 suo
646 1096 830 1153 mercatus.
881 1087 904 1152 J
908 1107 964 1152 am
983 1108 1066 1153 vero
1094 1089 1130 1152 in

182 1185 261 1269 ipsa
277 1188 553 1270 captione-nemo
568 1207 646 1252 eum
663 1189 720 1275 (ut
737 1195 820 1252 ante
835 1184 926 1272 dixi)
943 1187 999 1252 vel
1021 1189 1131 1252 sensit

183 1285 356 1369 deJ'ectum
377 1289 506 1365 animo,
523 1287 580 1353 vel
603 1287 737 1353 audivit
759 1285 922 1352 humilem
946 1289 983 1350 in
1001 1288 1127 1354 verbo:

182 1386 270 1450 adeo
283 1405 391 1470 supra
405 1387 581 1452 fortunam
594 1388 743 1452 eminere
757 1388 950 1464 videbatur,
959 1396 999 1452 ut
1013 1407 1130 1470 perse-

184 1493 322 1550 cutores
348 1506 429 1551 suos
442 1485 542 1574 (nolo
565 1487 656 1550 enim
679 1487 792 1551 dicere
812 1483 947 1569 hostes)
967 1487 1011 1551 ad
1035 1507 1131 1553 reve-

182 1587 331 1650 rentiam
347 1586 402 1650 sui
420 1589 601 1652 excitaret.
654 1586 780 1669 Itaque
802 1588 933 1669 regina,
949 1607 1027 1670 quae
1049 1587 1130 1651 licet

182 1686 397 1751 meminisset
413 1677 525 1752 virum
541 1707 642 1750 suum
658 1687 734 1771 ejus
742 1686 844 1771 jussu
864 1688 971 1751 fuisse
995 1707 1131 1769 compe-

182 1785 305 1863 ditum,
329 1786 415 1850 nihil
436 1786 469 1850 ei
490 1806 643 1870 unquam
666 1787 883 1852 vinculorum
909 1787 1028 1852 inferri
1051 1807 1129 1870 per-

183 1885 290 1963 misit,
299 1905 363 1950 nee
380 1887 565 1970 quicquam
580 1886 798 1951 inhonestum
809 1888 852 1951 de
866 1907 931 1952 sua
947 1889 1130 1972 majestate

182 1987 424 2068 praesumpsit:
457 1987 604 2069 denique
629 1986 722 2069 apud
751 1987 1000 2052 Rovecestram
1029 1985 1129 2072 (illuc

182 2085 312 2168 quippe
330 2086 455 2150 ductus
470 2083 554 2171 fuit)
568 2086 674 2150 libere
696 2086 741 2150 ad
763 2087 926 2150 ecelesias
942 2087 1032 2151 inira
1054 2105 1129 2150 cas·

182 2184 303 2253 tellum
315 2205 384 2269 quo
402 2186 532 2250 libebat
553 2186 646 2264 ibat;
670 2193 706 2250 et
720 2187 845 2268 quibus
867 2186 995 2251 libebat
1009 2187 1128 2268 loque-

182 2284 298 2362 batur,
312 2287 390 2368 ipsa
403 2285 577 2350 duntaxat
591 2286 711 2368 regina
731 2294 923 2369 praesente:
947 2305 1027 2349 nam
1050 2291 1130 2369 post

183 2385 432 2466 profectionem
449 2386 526 2469 ejus
551 2387 588 2449 in
604 2385 727 2449 turrim
750 2385 815 2449 sub
838 2386 945 2450 libera
973 2386 1131 2450 custodia

183 2483 309 2549 ductus
335 2492 400 2564 est,
418 2486 504 2550 adeo
528 2485 741 2569 praesentiat
758 2504 879 2550 securo
903 2486 1018 2551 animo
1033 2492 1072 2551 ut
1087 2487 1130 2551 ab

183 2585 380 2652 hominibus
402 2586 475 2650 suis
492 2586 534 2649 de
551 2586 679 2650 cantia
695 2594 839 2667 accepta
857 2588 1005 2669 pecunia
1024 2606 1132 2670 equos

184 2704 255 2749 non
269 2685 487 2768 parvi-pretii
497 2692 725 2768 compararet,
737 2685 797 2768 qui
812 2687 844 2749 ei
860 2695 939 2769 post
955 2688 1134 2770 aliquanto

185 2792 342 2868 tempore
359 2792 394 2850 et
411 2787 489 2849 usui
504 2793 539 2849 et
554 2784 733 2851 commodo
747 2785 854 2849 fuere.

437 2977 485 3023 DE
508 2977 751 3025 LlBERATlONll
775 2934 905 3023 sams:

239 3082 329 3166 §bd
353 3083 550 3149 Tentavere
573 3086 684 3168 primo
707 3084 862 3160 comiteS,
881 3091 915 3147 et
940 3082 975 3145 bi
992 3102 1136 3165 quorum

186 3182 355 3248 intererat
381 3183 578 3248 dotalibus
604 3183 713 3265 loqui,
733 3183 763 3246 si
786 3183 874 3247 sorte
898 3202 1013 3264 regem
1040 3189 1075 3246 et
1100 3202 1138 3245 se

187 3282 319 3347 sineret
335 3284 445 3366 aequis
462 3283 716 3348 conditionibus
729 3283 880 3346 liberari.
920 3282 1000 3347 Hoc
1017 3302 1137 3365 quam-

187 3381 243 3445 vis
266 3381 415 3447 Mabilla
431 3384 608 3447 eomitissa
627 3400 700 3464 prae
722 3380 892 3445 desiderio
909 3382 975 3447 viri
1000 3384 1055 3446 sui
1070 3376 1138 3445 ²di-

187 3480 272 3545 lecti
291 3483 416 3546 ‘statim
438 3482 601 3564 amplexa
625 3480 759 3546 nunciis
793 3483 944 3564 acceptis
975 3487 1077 3558 esset,
1103 3482 1139 3545 in

189 3579 267 3664 ejus
281 3580 520 3645 liberationem
543 3580 718 3663 conjugali
734 3580 903 3644 charitate
926 3581 1138 3663 propensior,

187 3679 247 3743 ille
261 3680 478 3762 profundiori
495 3680 639 3744 oonsilio
655 3679 879 3756 contradixit,
893 3698 1009 3761 regem
1032 3688 1067 3743 et
1081 3700 1138 3743 co-

187 3780 308 3843 mitem
340 3800 411 3845 non
442 3778 588 3863 aequalis
617 3778 779 3862 ponderis
808 3798 883 3842 esse
912 3798 1137 3849 asseverans:

188 3886 368 3955 caeterum,
386 3878 418 3943 si
430 3879 668 3962 permitterent
680 3896 800 3941 omnes
813 3878 872 3959 qui
884 3878 938 3941 vel
952 3896 1068 3941 secum
1083 3878 1139 3942 vel

189 3977 245 4040 sui
260 3996 367 4041 eausa
390 3979 484 4061 capti
507 3985 622 4040 essent
644 3977 796 4054 liberari,
810 3976 846 4039 id
872 3995 909 4039 se
930 3995 1032 4058 posse
1054 3978 1139 4060 pati.

106 4234 110 4242 '
225 4239 458 4312 margum]
471 4246 656 4306 Βάρης,
714 4239 1065 4306 ²naeca.]n.;0matedtn
1078 4243 1143 4293 sn,

188 4314 394 4375 asenne.
681 4313 736 4361 na.

940 4401 1023 4445 ane
