3100 5050
180 500 332 582 maru]
408 517 525 566 cnsra
549 517 676 566 uncuu
699 518 915 569 suenorum.
1065 507 1131 572 581

179 677 302 740 ulcisci
335 678 509 760 sperabat.
576 676 688 741 Porro
721 676 870 755 TurcuS,
904 675 983 764 (qui
1019 681 1130 762 magis
1142 701 1238 762 saraa

179 777 304 841 fraude
319 784 354 841 et
371 785 498 842 eventu
521 797 625 860 quam
640 779 769 843 virtute
794 786 830 842 et
846 773 986 851 ¹bellica
1006 781 1131 845 militia
1141 753 1293 844 msera

180 877 304 942 ducem
319 878 480 960 cepisset,
491 878 671 960 quodcum
686 879 806 960 paucis
822 879 865 943 ad
878 879 1129 945 Mellentiniam

180 980 301 1043 urbem
315 978 548 1060 recipiendam
563 975 738 1062 venerat)
760 979 873 1042 sciens
890 979 1044 1044 Francos
1066 1000 1130 1063 pro

181 1079 232 1142 rei
251 1079 383 1162 pudore
397 1080 529 1144 viribus
550 1079 716 1143 extremis
737 1079 774 1143 in
797 1098 834 1142 se
856 1097 992 1157 usuros,
1005 1082 1041 1143 in
1065 1099 1131 1144 sua

181 1199 218 1243 se
241 1180 386 1262 recepit,
402 1179 601 1262 compositis
626 1197 710 1242 sane
728 1178 918 1257 ordinibus,
936 1199 1004 1243 non
1027 1182 1129 1263 quasi

182 1280 300 1361 frigam
317 1280 523 1358 intenderet,
542 1280 603 1343 sed
621 1280 721 1360 quasi
740 1279 953 1362 triumphum
976 1280 1128 1346 duceret.

182 1381 283 1445 Tunc
316 1380 550 1457 Baldewinus,
581 1380 675 1444 ultra
698 1379 950 1447 Mellentiniam
984 1380 1130 1444 duorum

181 1481 315 1545 dierum
344 1481 438 1545 viam
477 1481 693 1564 progressus,
721 1499 801 1543 cum
832 1479 967 1544 videret
996 1480 1130 1544 hostem

182 1581 263 1645 belli
277 1581 519 1645 necessitatem
533 1580 717 1656 declinare,
734 1580 947 1644 redeundum
970 1582 1108 1663 putavit
1121 1602 1130 1658 3

182 1689 218 1745 et
243 1688 325 1745 ante
351 1689 468 1746 tamen
492 1683 612 1745 urbem
635 1681 672 1744 in
696 1698 778 1744 suos
802 1699 899 1758 usus,
926 1701 996 1745 non
1019 1682 1129 1746 invito

182 1781 347 1865 praelecto
364 1780 539 1858 Gabriele,
553 1780 762 1845 transduxit.

233 1881 342 1966 5376.
366 1881 506 1946 Interea
524 1882 658 1964 perlato
681 1880 725 1944 ad
743 1901 781 1944 se
799 1880 926 1946 nuncio
946 1881 990 1945 de
1013 1881 1130 1946 fratris
1141 1906 1163 1945 1.
1172 1906 1252 1946 encta

183 1982 292 2060 obitu,
318 1981 582 2064 provincialium
607 2001 649 2045 ac
671 1981 798 2044 ducum
825 1981 862 2044 in
885 1982 961 2066 ejus
989 1955 1270 2056 electio-llltdllo

183 2102 262 2146 nem
283 2102 465 2158 consensu,
493 2082 734 2146 commendata
764 2082 898 2146 Edessa
926 2058 1267 2146 Baldewino'fflffl‘m·

184 2191 346 2265 cognato,
369 2183 579 2260 arctissimae,
592 2182 857 2246 necessitudinis
871 2182 1131 2264 propinquitate

183 2283 382 2368 conjuncto,
402 2289 439 2347 et
459 2290 586 2364 praeter
609 2282 683 2346 haec
703 2301 816 2364 neque
837 2282 1046 2363 imprudenti
1070 2301 1131 2345 ne-

182 2402 251 2465 quc
265 2383 407 2465 ignavo,
421 2382 465 2446 ad
480 2381 805 2466 ierosolymitanum
821 2401 965 2463 regnum
981 2392 1131 2445 mentem

181 2483 329 2567 impulit
382 2482 612 2566 Congregatis
627 2502 710 2565 ergo
725 2482 898 2565 equitibus
911 2482 1081 2560 ducentis,
1095 2491 1131 2547 et

183 2585 356 2669 peditibus
371 2584 611 2667 septingentis,
623 2584 690 2647 iter
700 2584 839 2666 plenum
857 2583 977 2647 mortis
991 2590 1026 2646 et
1040 2584 1131 2664 peri·

183 2685 339 2749 culorum
355 2686 532 2767 ingressus
548 2691 622 2761 est3
645 2684 737 2748 unde
753 2682 908 2746 audaciae
922 2689 1032 2746 tantae
1048 2702 1130 2747 con-

183 2787 274 2851 tuitu
298 2785 410 2862 multi,
426 2803 514 2867 quos
535 2783 625 2847 falso
638 2783 756 2847 fideles
780 2783 1026 2859 arbitrabatur,
1047 2782 1132 2864 fuga

184 2885 401 2949 clandestina
423 2882 558 2967 dilapsi.
620 2882 702 2966 Ipse
730 2902 809 2947 cum
837 2883 978 2966 reliquis
1005 2879 1131 2947 Antio·
1178 2944 1180 2946 ,

184 2985 297 3049 chiam
314 2985 426 3068 petiit,
438 2984 562 3066 ingens
577 2990 787 3047 momentum
802 2982 967 3046 desolatis
981 2981 1130 3060 futurus,

183 3085 330 3150 consilio
344 3084 480 3166 sagacis
499 3083 624 3147 mentis
646 3082 835 3147 informans
859 3089 900 3145 ut
913 3082 1130 3145 Tanoredum

183 3191 343 3268 peterent
359 3185 396 3248 in
411 3183 585 3248 ducatum.
634 3181 722 3247 Inde
740 3201 803 3266 per
817 3181 992 3247 Gibellum
1008 3188 1043 3245 et
1061 3182 1130 3245 La·

187 3286 334 3350 odiciam
358 3283 454 3348 venit
477 3283 667 3366 Tripolim:
690 3282 790 3366 cujus
817 3283 911 3346 urbis
930 3281 1132 3358 admiratus,

185 3386 326 3450 natione
352 3383 491 3467 quidem
512 3382 660 3461 Turcus,
685 3384 746 3447 sed
764 3383 867 3464 genio
890 3381 1040 3447 naturali
1062 3381 1132 3445 cle·

184 3486 326 3550 mentiae
339 3484 530 3548 visceribus
543 3482 718 3566 profusus,
733 3489 836 3546 extra
856 3500 973 3545 muros
995 3480 1047 3545 illi
1060 3481 1132 3545 vic·

184 3586 238 3649 tui
260 3583 457 3650 necessaria
476 3583 683 3663 destinavit;
707 3583 843 3667 adjecto
860 3580 1050 3665 quinetiam
1073 3581 1132 3644 be·

186 3684 370 3767 nignitatis
392 3682 556 3748 mandato
579 3689 620 3746 ut
633 3683 821 3765 prudenter
841 3700 878 3745 se
903 3686 1034 3763 ageret,
1052 3682 1134 3763 quia

186 3784 312 3850 Ducuh
339 3803 404 3847 rex
428 3783 724 3847 Damascenorum
751 3784 924 3846 tramitem
947 3787 1134 3861 augustum

188 3882 420 3967 occupaverat
443 3902 624 3965 perquem
644 3882 742 3946 illum
765 3881 923 3945 audierat
938 3887 1134 3944 venturum.

189 3984 266 4061 Ille,
281 4004 384 4067 quem
408 3983 552 4064 puderet
568 3982 669 4045 minis
692 3981 873 4045 Saracenis
896 3980 1039 4056 moveri,
1053 3999 1135 4043 oon·

188 4086 295 4148 stanti
317 4083 447 4160 animo,
475 4101 544 4164 quo
566 4088 807 4164 proposuerat,
836 4080 1035 4159 coutendit3
1063 4078 1136 4155 sed,

226 4334 233 4365 ¹
244 4338 338 4387 Bellica
349 4331 466 4405 militm]
483 4336 519 4386 D.
529 4337 562 4399 E.
571 4352 590 4398 ;·
598 4336 698 4398 militia,
710 4335 739 4384 S.
751 4335 796 4396 C.;
807 4335 899 4385 bellica
906 4332 1018 4471 ju2stitia,
1031 4331 1062 4381 A.
1072 4332 1103 4381 L.

966 4424 988 4482 Q
1042 4468 1047 4477 .
