3100 5050
215 519 356 599 mn.v.]
444 534 558 582 cussa
581 534 708 582 aucun
732 534 944 583 suenorum.
1103 521 1169 584 683

214 689 392 754 sedetiam
408 692 499 757 ultro
511 691 618 756 missa
628 666 827 758 ¹remittitis.
852 693 1030 772 Quantum
1042 693 1107 756 boc
1121 694 1167 757 sit

214 790 283 854 isto
297 793 489 872 praesertim
506 801 672 877 tempore,
689 801 829 876 quantae
847 795 883 856 in
900 794 1017 858 seculo
1031 794 1165 875 gloriae,

214 897 354 971 quantae
370 892 461 975 apud
479 893 590 957 Deum
614 895 750 975 gratiae,
763 892 831 976 ipsi
850 901 943 957 certe
958 893 1163 974 intelligitis

215 989 328 1054 Beata
343 999 397 1055 est
412 993 530 1074 igitur,
554 993 742 1057 secundum
768 993 974 1057 sententiam
991 992 1162 1070 Platonis,

213 1091 409 1172 respublica
439 1092 538 1176 cujus
570 1101 682 1157 rector
710 1101 765 1157 est
794 1092 1031 1176 philosophus
1063 1093 1162 1177 cujus

211 1190 372 1272 princeps
399 1212 468 1256 non
499 1192 693 1257 delectatur
720 1194 931 1257 muneribus.
985 1192 1093 1256 Plura
1119 1193 1162 1256 de

212 1289 341 1353 talibus
356 1291 515 1369 dicerem,
535 1293 602 1356 nisi
618 1300 653 1356 et
670 1293 820 1375 suspicio
836 1312 921 1356 meae
939 1291 1160 1370 adulationis,

210 1395 247 1453 et
262 1389 438 1454 laudanda
451 1392 621 1458 modestia
633 1393 740 1456 vestri
761 1393 903 1476 pudoris
920 1392 1158 1456 dicturientem
1260 1423 1261 1426 ¹

210 1488 398 1554 cohiberet.
466 1491 556 1556 Sane
585 1511 663 1574 quae
691 1491 763 1555 dixi
795 1512 863 1556 non
895 1492 1158 1574 praetermittere

209 1588 276 1653 suit
298 1590 492 1668 consilium,
508 1588 548 1655 ut
570 1610 632 1673 per
651 1589 800 1656 officium
822 1591 951 1674 linguae
969 1611 1054 1655 meae
1078 1610 1158 1672 pro·

208 1689 300 1753 bitas
316 1697 433 1753 vestra
455 1698 614 1773 posteros
636 1711 704 1755 non
728 1690 850 1768 lateat,
869 1699 903 1756 et
925 1691 1003 1773 ipsa
1030 1690 1073 1754 de
1087 1692 1156 1754 vir-

207 1794 284 1852 tute
300 1790 337 1852 in
352 1790 514 1854 virtutem
530 1790 696 1873 proficere
709 1791 907 1855 contendat.
954 1791 1000 1855 Et
1018 1790 1156 1872 quidem

201 1887 421 1970 jamdudum,
458 1890 662 1972 quibusdam
694 1891 993 1972 persuadentibus,
1025 1889 1156 1955 ferebat

206 1988 343 2052 animus
365 1996 416 2066 ut,
433 2009 511 2071 quae
535 1990 777 2072 praetereunda
799 2011 868 2055 non
896 1998 1066 2074 putarem,
1090 2011 1155 2072 per

204 2089 388 2152 succiduos
410 2109 546 2172 semper
567 2109 675 2154 annos
699 2090 779 2152 huic
804 2090 900 2173 operi
923 2110 1152 2172 apponerem;

205 2187 266 2251 sed
294 2189 487 2253 consultius
509 2190 646 2254 videtur
672 2190 776 2253 alium
807 2190 850 2254 de
874 2190 1002 2252 talibus
1028 2190 1152 2253 librum
1239 2195 1242 2204 ¹

203 2287 407 2370 procudere,
420 2309 535 2370 ,quam
557 2288 632 2373 jam
657 2288 817 2353 absoluto
842 2289 1039 2372 frequenter
1061 2309 1153 2353 nova

202 2388 354 2452 insuere.
416 2387 493 2452 Nec
524 2407 607 2452 vero
640 2389 823 2472 quisquam
856 2388 1064 2471 superfluam
1097 2409 1152 2452 me
1261 2454 1264 2458 .

202 2506 346 2570 operam
367 2487 461 2553 dicat
477 2488 660 2567 insumere,
676 2489 706 2552 si
723 2486 905 2552 clarissimi
920 2489 1071 2554 omnium
1086 2508 1151 2553 sua

202 2595 309 2652 aetate
333 2608 455 2669 regum
475 2596 576 2670 gesta
599 2602 776 2671 propono:
801 2588 911 2652 multa
932 2590 1022 2653 enim
1045 2589 1148 2652 subli-

202 2688 318 2752 mitati
340 2688 416 2772 ejus
439 2707 517 2751 mea
537 2688 714 2751 humilitas
736 2687 849 2764 debet,
864 2694 900 2751 et
916 2688 1027 2751 adhuc
1049 2688 1150 2769 plura

201 2787 352 2866 debebit,
376 2795 428 2865 ut,
450 2788 481 2852 si
504 2788 591 2851 nihil
615 2787 709 2851 aliud
735 2794 838 2864 esset,
863 2787 955 2869 quod
981 2806 1018 2850 se
1043 2787 1148 2851 talem

200 2887 311 2950 filium
335 2888 462 2952 habere
485 2887 632 2968 gaudet3
667 2906 747 2950 nam
770 2894 807 2950 et
830 2886 911 2949 olim
939 2886 1031 2949 selici
1054 2894 1147 2951 sorte

199 2995 412 3069 susceptum,
435 3006 505 3050 non
522 2986 766 3069 perfunctorie,
783 2993 822 3049 ut
837 2985 937 3049 hodie
961 2986 1081 3062 claret,
1103 2986 1145 3049 li-

198 3086 284 3149 teris
299 3086 427 3149 erudiri
441 3086 618 3169 praecepit,
634 3092 714 3167 post
730 3085 834 3148 etiam
858 3084 1146 3167 amplissimarum

196 3186 455 3268 possessionum
472 3185 553 3249 fecit
569 3185 758 3260 dominum,
776 3202 868 3247 nunc
882 3192 1055 3267 postremo
1069 3178 1144 3267 ²pa·

196 3286 303 3349 trium
335 3285 371 3347 in
399 3305 463 3349 vos
490 3283 637 3348 reclinat
664 3283 837 3347 affectum.
901 3283 954 3347 Sit
980 3303 1063 3365 ergo
1088 3284 1145 3348 hic

196 3384 295 3462 liber,
311 3392 351 3448 ut
366 3391 431 3461 est,
446 3390 572 3448 vestrae
588 3383 708 3465 gloriae
722 3383 881 3447 absolute
903 3391 1143 3463 consecratus3

194 3485 231 3547 iu
247 3484 358 3549 altero
372 3484 438 3549 erit
454 3483 544 3548 idem
559 3483 655 3559 vitae,
679 3484 738 3564 qui
755 3483 949 3564 scripturae,
967 3483 1143 3545 terminus.

196 3583 301 3662 Quod
315 3590 485 3667 superest,
500 3602 626 3646 munus
642 3601 756 3645 meum
771 3582 956 3664 dignanter
968 3582 1144 3663 suscipite,

194 3691 236 3746 ut
258 3683 431 3764 gaudeam
459 3690 561 3763 grato
586 3680 777 3762 cognitoris
805 3680 960 3756 arbitrio,
984 3680 1044 3762 qui
1073 3700 1144 3744 non

194 3782 310 3846 erravi
325 3781 477 3863 eligendi
495 3775 654 3865 ³judicio.

232 4015 414 4079 manicatis]
425 4014 460 4065 Α.
473 4013 501 4062 S.
514 4012 586 4071 1123
603 4010 660 4057 mit·
719 4034 863 4105 amm]
881 4037 914 4087 Α,
932 4037 960 4086 s,
979 4038 1007 4085 c,
1020 4037 1071 4096 D.;
1090 4037 1142 4086 οι,

189 4090 254 4188 liupr,
265 4088 301 4136 D·
314 4086 371 4167 Ψ·
647 4162 653 4175 ⁶
684 4109 748 4157 adds
759 4110 767 4136 ‘
777 4109 843 4157 Haec
860 4108 948 4168 habui,
958 4107 1057 4156 domine
1069 4120 1143 4154 vene·

248 4149 390 4220 Pssmllmd
411 4152 445 4201 Α·
465 4153 499 4202 D·
512 4152 567 4198 ¹3²·
585 4150 654 4207 η’
684 4179 771 4227 rabilis
784 4178 884 4239 Comes,
895 4177 927 4225 de
940 4176 1037 4237 gestis!

188 4234 334 4291 paternum,
345 4226 374 4275 S.
389 4225 419 4271 C.
