3100 5050
394 519 461 584 73⁰
683 534 859 584 ursronm
880 534 1056 584 Novanus.
1203 518 1289 602 [mn.
1308 533 1347 581 11.

395 695 468 759 rius
495 694 678 778 episcopus
706 700 830 758 contra
857 693 912 758 sas
935 699 1108 771 tenuerat,
1130 711 1213 775 rege
1240 689 1348 770 adito,

396 796 542 879 antiqua
557 794 740 878 privilegia
760 801 797 859 et
821 795 964 859 abbates
986 793 1112 859 habere
1137 799 1348 860 meruerunt.

399 896 542 962 Electus
568 903 622 960 est
648 897 685 960 in
714 896 876 960 abbatem
900 895 1146 960 Malmesbiriae
1174 880 1197 960 a¹
1226 913 1347 960 mona·

397 997 484 1074 obis,
509 996 698 1062 secundum
723 1003 877 1062 tenorem
901 994 1073 1080 privilegii
1104 996 1197 1079 quod
1221 997 1347 1062 beatus

396 1096 578 1164 Aldelmus
594 1117 617 1162 a
632 1097 753 1180 Sergio
772 1117 867 1182 papa
876 1096 952 1181 jam
976 1104 1058 1161 ante
1073 1096 1348 1181 quadringentos

397 1199 584 1282 sexaginta
597 1205 633 1263 et
647 1217 711 1262 sex
724 1217 835 1263 annos
849 1199 1107 1282 impetraverat,
1118 1205 1154 1263 et
1170 1217 1192 1262 a
1208 1197 1347 1278 regibus

397 1299 696 1366 west-Saxonum
714 1299 792 1378 Ina,
808 1298 1017 1364 Marciorum
1029 1297 1229 1377 Ethelredo‚
1244 1299 1347 1363 robo-

396 1402 468 1466 rari
491 1402 632 1480 fecerat,
658 1400 813 1486 ejusdem
838 1400 906 1465 loci
933 1399 1122 1465 monachus
1152 1399 1176 1466 J
1179 1399 1347 1479 ohannes,

396 1503 452 1567 vir
472 1502 687 1586 benignitate
706 1521 841 1567 mamm
864 1508 901 1566 et
921 1502 1028 1566 animi
1050 1501 1258 1568 liberalitate
1283 1521 1346 1587 ap·

396 1604 506 1687 prime
532 1603 691 1687 insignis.
742 1602 913 1667 Probavit
940 1602 1077 1686 legatus
1105 1621 1260 1682 cansam,
1281 1603 1346 1666 im-

397 1704 559 1788 probavit
575 1723 781 1788 personam
805 1703 901 1768 nullo
916 1703 1006 1768 enim
1022 1703 1124 1770 modo
1139 1705 1248 1770 menti
1271 1703 1345 1787 ejus

264 1852 271 1862 .
395 1806 597 1890 persuaderi
620 1811 758 1888 poterat
784 1823 901 1886 regem
930 1810 1056 1887 praeter
1080 1802 1256 1870 dationem
1285 1825 1347 1888 pe-

396 1908 508 1972 cuniae
547 1905 708 1971 electioni
738 1905 964 1970 consensisse.
1031 1905 1078 1970 Et
1107 1905 1245 1988 quidem
1282 1905 1347 1970 ali·

395 2015 565 2091 quantum
588 2026 806 2072 nummorum
821 2005 1028 2090 promissum
1043 2004 1169 2084 fuerat,
1183 2025 1291 2072 causa
1306 2006 1348 2072 li·

395 2108 542 2174 bertatis
567 2109 734 2184 ecclesiae,
756 2127 827 2172 nou
849 2106 1027 2172 electionis
1048 2126 1216 2191 personae.
1270 2106 1346 2171 Ita·

396 2230 464 2293 que
488 2208 512 2274 J
515 2211 680 2288 ohannes
710 2209 870 2292 quamvis
901 2209 1086 2274 immatura
1113 2216 1223 2273 morto
1254 2227 1347 2276 auno

395 2311 516 2375 eodem
538 2317 730 2396 praereptus
751 2309 868 2387 suerit,
892 2317 1057 2374 aeternam
1079 2314 1196 2376 tamen
1219 2317 1254 2376 et
1270 2310 1347 2376 lau·

396 2411 544 2476 debilem
562 2413 616 2478 sui
632 2412 832 2476 memoriam
847 2411 980 2476 cunetis
995 2417 1074 2493 post
1090 2429 1128 2476 se
1145 2411 1272 2476 seculis
1286 2411 1347 2477 de-

397 2512 556 2595 reliquit:
582 2513 697 2579 nullus
719 2513 810 2578 enim
824 2511 923 2600 (vere
938 2507 1066 2597 fateor)
1084 2511 1159 2597 ejus
1181 2512 1250 2579 loci
1273 2534 1347 2579 mo·

397 2614 529 2680 nachus
561 2622 669 2680 tantae
697 2614 995 2696 magnanimitatis
1034 2613 1127 2679 sacto
1155 2615 1346 2693 assisteret,

395 2714 462 2780 nisi
485 2713 665 2781 lohannes
682 2716 893 2782 inchoasset.
944 2714 1070 2799 Itaque
1092 2715 1243 2781 habeant
1268 2735 1348 2781 snc-

396 2835 550 2882 cessores
568 2818 644 2902 ejus
658 2816 795 2880 laudem
814 2817 844 2879 si
860 2816 1055 2881 libertatem
1071 2817 1226 2881 ecclesiae
1239 2816 1348 2882 tutati

296 2936 304 2959 ⁸
394 2916 536 2998 suerint,
554 2919 629 3003 ipse
650 2916 877 3003 proculdubio
900 2936 975 2982 eam
1001 2936 1023 2982 a
1043 2918 1212 2983 servitute
1226 2916 1349 2984 vendi·

394 3018 499 3085 cavit.

488 3212 537 3260 nn
560 3210 789 3260 courusroun
812 3208 1064 3258 cunanmrnu
1086 3209 1262 3258 uuonan.

445 3319 464 3404 ᾗ
489 3320 546 3385 34.
569 3319 682 3384 Totus
708 3338 821 3384 annus
843 3319 902 3385 ille
926 3317 1114 3402 asperitate
1136 3338 1272 3401 guerrae
1294 3319 1346 3383 in·

232 3448 308 3530 «2an
393 3420 541 3487 horruit.
587 3420 742 3499 Castella
773 3427 872 3484 erant
904 3420 1025 3485 crebra
1053 3439 1115 3502 per
1135 3426 1246 3484 totam
1270 3417 1345 3485 An·

309 3501 339 3531 ‘¹'
393 3522 521 3605 alram3
545 3541 693 3605 quaeque
712 3541 793 3586 suas
816 3528 933 3604 partes
959 3519 1190 3598 d⁰f0¹¹d⁶¹¹tia’
1205 3518 1346 3608 im⁰i¹¹t

392 3623 508 3688 verius
523 3618 653 3707 dicam)
666 3621 926 3706 depopulantia.
979 3620 1111 3687 Milites
1124 3620 1346 3686 castellorum

394 3724 612 3789 abducebant
635 3723 679 3787 ab
702 3723 797 3805 agris
828 3729 864 3786 et
884 3741 1012 3805 pecora
1037 3730 1072 3788 et
1097 3721 1259 3805 pecudes,
1282 3741 1345 3787 nec

394 3825 547 3890 ecclesiis
562 3844 624 3889 nec
645 3823 844 3887 coemiteriis
865 3830 1057 3906 parcentes
1098 3816 1346 3901 ¹Vavass0reS,

393 3927 554 4004 rusticoS,
569 3926 767 4009 quicunque
789 3924 968 4006 pecuniosi
990 3924 1216 4006 putabantur,
1237 3923 1345 4001 inter-

392 4027 571 4112 cipientes,
594 4026 844 4109 suppliciorum
867 4024 1104 4108 magnitudine
1127 4023 1171 4091 ad
1198 4023 1345 4106 quodvis

391 4128 664 4211 promittendum
697 4127 880 4209 cogebant.
942 4126 1112 4191 Domibus
1141 4125 1346 4191 miserorum

426 4370 432 4402 ¹
451 4375 598 4426 Vamacures
611 4366 798 4440 ...cogebant.]
812 4372 845 4421 E.
851 4385 859 4433 ;
878 4371 982 4421 omitted
993 4370 1019 4419 in
1031 4370 1060 4421 S.
1074 4372 1104 4420 C.
1116 4370 1152 4422 D.
1165 4371 1199 4421 G.
1213 4371 1249 4421 K.
1261 4370 1317 4420 Li.
