3100 5050
436 515 503 580 690
724 529 898 578 utsroiun
922 529 1102 577 novrum.
1261 512 1346 593 [nm.
1363 526 1387 571 ι.

437 687 528 750 inter
550 705 588 750 se
609 683 947 767 etAndegavensem
966 685 1126 750 comitem
1150 704 1271 768 pacem
1294 706 1388 751 eom-

436 795 593 869 poneret.
645 785 774 850 Mirum
799 786 889 850 enim
915 786 953 849 in
978 785 1119 850 modum
1136 786 1287 863 virilis,
1313 807 1388 851 om·

437 888 532 951 nium
548 906 667 968 regum
683 906 771 970 quos
789 893 909 950 nostra
923 893 958 950 et
969 886 1073 950 etiam
1094 893 1232 969 patrum
1251 893 1388 951 nostro-

437 1006 513 1050 rum
539 993 635 1052 tenet
657 987 823 1051 memoria
842 985 1026 1064 maximus,
1053 994 1249 1069 suspectam
1271 993 1388 1051 tamen

436 1107 573 1170 semper
585 1087 706 1151 babuit
721 1085 1026 1168 Andegavensium
1043 1086 1243 1169 potentiam.
1291 1086 1388 1151 Hinc

436 1187 596 1270 estquod
614 1179 836 1270 ¹sponsalitia
852 1205 930 1269 quae
945 1185 1142 1250 Willelmns
1155 1206 1264 1269 nepos
1288 1207 1388 1264 suus,

436 1307 551 1352 comes
574 1294 696 1370 postea
717 1286 905 1364 Flandriae3
919 1307 999 1352 cum
1020 1287 1093 1350 iilia
1113 1287 1250 1352 comitis
1267 1285 1388 1352 Ande-

435 1388 598 1469 gavensis
622 1371 800 1465 FulooniS,
822 1393 945 1470 postea
966 1387 1058 1469 regis
1082 1386 1388 1482 lerosolymorum‚

435 1494 676 1551 contracturus
687 1507 763 1551 esse
772 1480 983 1565 'videbatun
996 1487 1156 1551 dissolvit
1172 1494 1208 1552 et
1222 1489 1386 1552 cassavit.

436 1586 531 1651 Hinc
563 1587 737 1670 estquod
765 1587 870 1652 aliam
896 1588 1050 1672 ejusdem
1081 1586 1188 1650 filiam
1217 1587 1288 1652 filio
1321 1608 1387 1654 suo

435 1686 612 1752 Willelmo
626 1686 758 1770 impubi
774 1687 931 1752 vixdum
943 1687 1154 1752 adolescenti
1171 1681 1386 1772 ³eonjuuxit.

435 1785 532 1852 Hinc
555 1795 607 1852 est
635 1789 727 1870 quod
749 1788 839 1851 hanc
860 1787 967 1852 filiam
990 1807 1087 1851 suam
1108 1786 1171 1874 (de
1196 1808 1267 1871 qua
1292 1789 1389 1854 inee-

434 1888 547 1971 pimus
562 1884 688 1972 loqui),
700 1894 781 1971 post
796 1889 1055 1970 imperatorium
1068 1887 1387 1972 thorum,ejusdem

435 1987 600 2054 Fuleonis
637 1988 710 2052 filio
740 1995 887 2071 nuptum
917 1987 1113 2064 collocavit,
1152 1988 1243 2054 sicut
1271 2009 1387 2055 sermo

434 2089 626 2171 procedens
637 2088 751 2154 dicere
765 2096 900 2172 perget.

622 2279 670 2324 DE
692 2278 860 2335 concilio
883 2277 1017 2326 ΗΑΒΙΤΟ
1039 2277 1195 2324 LONDON.

485 2385 560 2468 §2
588 2385 694 2452 Anno
720 2387 885 2452 vicesimo
913 2386 1059 2469 septimo
1090 2378 1205 2468 ⁴regni
1234 2388 1288 2450 sui
1319 2408 1387 2453 rex

434 2484 610 2553 Henricus
635 2485 801 2570 Angliam
827 2486 923 2552 venit
948 2505 1065 2553 mense
1091 2486 1296 2571 Septembri,
1323 2489 1387 2553 ad-

433 2586 563 2652 ducens
579 2608 697 2653 secum
711 2589 819 2653 filiam
833 2608 943 2653 suam.
980 2586 1147 2651 Proximo
1160 2608 1243 2652 vero
1259 2587 1387 2654 Natali

271 2662 284 2690 ⁰
326 2662 393 2743 01:3¹⁰*
434 2688 576 2752 Domini
596 2697 789 2759 convocato
805 2688 898 2771 apud
913 2686 1127 2753 Londoniam
1149 2707 1276 2771 magno
1297 2690 1386 2755 cleri

434 2795 470 2851 et
483 2788 687 2871 optimatum
703 2808 857 2867 numero,
875 2789 976 2854 uxori
992 2807 1078 2865 snae,
1098 2788 1179 2853 iiliee
1194 2789 1292 2853 ducis
1311 2790 1384 2855 Lo-

433 2890 632 2966 vannensis,
654 2909 757 2973 quam
781 2897 861 2972 post
882 2889 1014 2954 obitum
1040 2887 1198 2953 Matildis
1219 2889 1385 2970 duxerat,

430 2989 633 3053 comitatum
669 2990 912 3073 Solopesbiriae
941 2987 1056 3053 dedit:
1089 3008 1193 3071 quam
1219 2990 1386 3057 videlicet

432 3088 609 3154 soeminam
627 3089 748 3154 dolens
764 3109 834 3154 non
858 3090 1050 3172 concipere,
1065 3089 1145 3153 dum
1161 3096 1196 3153 et
1212 3098 1384 3173 perpetuo

431 3189 584 3254 sterilem
601 3190 676 3253 fore
691 3190 840 3265 timeret,
859 3189 902 3253 de
917 3207 1115 3253 successore
1137 3190 1235 3271 regni
1257 3190 1383 3257 merito

432 3289 558 3353 anxius
571 3289 760 3371 cogitabat.
814 3289 868 3353 De
884 3308 954 3372 qua
967 3308 1004 3352 re
1020 3296 1123 3353 antea
1140 3289 1287 3353 multum
1302 3290 1382 3355 diu·

432 3408 499 3472 que
512 3383 749 3455 ⁵considerato
772 3389 935 3467 consilio,
946 3396 1029 3453 tunc
1045 3390 1081 3452 in
1097 3388 1216 3453 eodem
1235 3390 1383 3456 coneilio

431 3508 550 3555 omnes
568 3489 676 3554 totius
697 3487 838 3571 Angliae
854 3490 1050 3572 optimates,
1072 3489 1253 3573 episcopos
1275 3491 1383 3556 etiam

431 3597 467 3654 et
480 3591 636 3667 abbateS,
650 3596 866 3654 sacramento
882 3589 1001 3671 adegit
1017 3596 1053 3653 et
1067 3590 1266 3667 obstrinxit,
1282 3599 1333 3668 ut,
1348 3594 1382 3656 si

430 3690 505 3773 ipse
535 3690 609 3753 sine
635 3689 771 3754 haerede
800 3689 954 3755 masculo
979 3682 1171 3768 decederet,
1197 3690 1383 3755 Matildem

430 3790 536 3855 filiam
558 3810 657 3854 suam
674 3790 848 3874 quondam
869 3790 1120 3873 imperatricem
1143 3791 1384 3857 incunctanter

465 4047 636 4113 ¹Sporenlr'tiu
648 4084 655 4099 .
668 4084 675 4099 .
688 4085 695 4099 .
706 4050 833 4115 meavit]
844 4050 892 4099 See
951 4047 1053 4111 ⁴Regm‘
1061 4050 1123 4113 rut]
1131 4050 1159 4100 S.
1171 4052 1201 4100 C.
1210 4051 1245 4102 D.
1253 4052 1307 4103 Ei.
1320 4054 1383 4114 [ἃς

429 4120 443 4182 §
454 4124 513 4181 419,
524 4135 550 4181 p.
561 4123 620 4180 654,
631 4123 688 4168 note
698 4115 718 4170 ².
915 4120 1019 4169 omitted
1029 4120 1056 4169 in
1067 4120 1124 4169 El.

463 4186 475 4219 ²
496 4189 652 4254 Videbatur]
676 4190 726 4251 Ε.;
751 4190 892 4253 dicebatur,

430 4261 458 4310 s.
472 4261 502 4309 c.
514 4260 616 4310 usna.
950 4254 1154 4329 ‘conamen
1176 4260 1209 4311 s.
1226 4260 1298 4324 ns.;
1316 4264 1385 4313 uerr-

464 4324 641 4397 ³Conjaauit.]
653 4331 701 4380 See
711 4331 725 4393 t
734 4334 823 4393 erup.
833 4334 890 4380 662.
915 4331 1011 4393 berato,
1022 4330 1050 4380 S.
1065 4332 1111 4391 0.;
1128 4330 1281 4395 desiderato,
1293 4334 1329 4384 D.
