3100 5050
153 448 308 529 maru]
390 465 501 516 unsri
528 465 654 513 aucun
679 466 894 514 nuononuu.
1045 448 1106 514 531

156 643 237 688 cum
262 625 353 688 lacte
374 633 522 688 matrum
547 623 658 688 affusa
679 631 733 688 est
752 624 971 688 sacerdotum
984 625 1111 703 verb03

157 725 250 789 hanc
273 725 423 810 majores
440 725 548 790 vestri
571 731 741 808 martyres
764 725 1027 808 praetenderunt
1051 744 1113 788 ex·

158 826 287 908 emplo.
340 825 438 892 Mors
455 825 546 889 enim
569 844 590 890 a
610 825 810 890 coenulento
829 845 966 890 carcere
987 824 1114 890 liberat

159 927 307 1004 animae,
330 926 374 989 ad
398 924 576 1008 proprium
603 926 717 990 locum
746 945 810 1008 pro
837 925 969 989 meritis
994 925 1114 990 evola-

161 1034 272 1092 turas
312 1025 410 1090 Mors
424 1026 595 1091 accelerat
608 1027 708 1090 bonis
723 1027 895 1109 patriam;
917 1045 1011 1090 mors
1023 1046 1115 1110 prae-

161 1127 246 1192 cidit
263 1127 331 1190 reis
346 1126 533 1190 malitiam:
557 1147 619 1210 per
634 1132 780 1190 mortem
795 1138 879 1208 ergo
898 1125 1016 1190 liberae
1039 1126 1115 1190 ani·

161 1246 228 1290 mae
244 1226 302 1292 vel
322 1226 542 1291 oblectantur
566 1226 716 1308 gaudiis,
731 1246 792 1309 spe
815 1227 960 1290 meliora
983 1246 1115 1310 praesu·

163 1334 320 1407 mentcs3
353 1327 410 1392 vel
434 1327 595 1392 fruuntur
618 1326 810 1409 suppliciis,
836 1327 922 1390 nihil
944 1327 1043 1410 pejus
1071 1327 1117 1390 ti-

164 1434 312 1492 mentes.
364 1427 459 1492 Dum
485 1435 602 1492 autem
618 1426 767 1492 vinculis
794 1446 977 1510 corporum
1003 1427 1117 1491 irreti-

166 1535 287 1606 untur,
312 1527 457 1592 trahunt
483 1529 526 1593 ab
552 1528 637 1611 ipsis
664 1527 858 1592 terrulenta
887 1528 1061 1609 contagia,
1083 1535 1120 1592 et

166 1627 281 1716 (quod
304 1628 473 1692 veraciter
497 1629 575 1711 quis
601 1624 712 1713 dicat)
741 1634 888 1692 mortuae
917 1634 1021 1708 sunt,
1055 1634 1119 1693 nec

167 1729 261 1792 enim
285 1727 418 1792 luteum
440 1728 585 1806 coelesti,
613 1728 770 1793 divinum
801 1728 951 1806 mortali,
977 1728 1120 1810 pulchre

168 1827 332 1894 cohaeret.
373 1827 567 1893 Plurimum
584 1828 722 1912 quidem
738 1835 855 1911 potest
872 1829 998 1906 anima,
1015 1830 1120 1893 etium

168 1948 263 1996 nunc
282 1929 420 2011 corpori
437 1929 583 2011 juncta3
617 1928 884 1993 instrumentum
906 1929 997 1992 euim
1020 1948 1120 1992 suum

171 2028 340 2106 vivificat,
362 2029 513 2094 latenter
539 2029 574 2093 id
594 2048 751 2106 movenS,
766 2038 802 2093 et
827 2028 920 2093 ultra
941 2030 1121 2092 mortalem

170 2135 332 2194 naturam
349 2129 457 2212 gestis
471 2129 684 2213 producens:
701 2135 927 2195 veruntamen
944 2149 1035 2206 cum,
1048 2148 1121 2192 sar·

171 2230 251 2294 cina
267 2238 348 2312 'qua
371 2229 408 2293 in
429 2237 556 2300 terram
583 2229 732 2314 trahitur
758 2230 931 2307 absoluta,
946 2231 1122 2313 proprium

172 2329 287 2393 locum
304 2330 483 2413 receperit,
499 2330 638 2394 beatam
653 2338 689 2395 et
703 2330 857 2413 undique
876 2331 1020 2394 liberam
1042 2349 1123 2413 par·

174 2430 299 2512 ticipat
313 2429 562 2508 fortitudinem,
578 2430 889 2513 quomodocunque
911 2430 1039 2495 divinae
1062 2449 1123 2493 na·

175 2538 264 2595 turae
290 2530 523 2596 invisibilitati
546 2532 816 2595 communicans.
868 2530 1016 2595 Gemino
1041 2550 1124 2613 ergo

174 2630 296 2695 functa
312 2629 434 2710 officio,
450 2631 587 2714 corpori
602 2632 711 2696 vitam
733 2633 908 2696 ministrat
921 2652 999 2695 cum
1015 2631 1125 2709 adest,

175 2750 317 2796 causam
349 2751 432 2796 vero
462 2731 665 2796 mutationis
692 2752 770 2796 cum
799 2731 937 2797 recedit.
988 2732 1125 2796 Videtis

175 2852 281 2914 quam
287 2830 440 2915 jocunde
454 2832 570 2895 anima
581 2832 618 2895 in
633 2831 825 2896 dormiente
839 2851 981 2915 corpore
991 2831 1125 2913 vigilet,

177 2939 224 3008 et,
258 2950 280 2994 a
309 2932 468 2996 sensibus
499 2932 655 3009 seducta,
683 2952 747 3016 pro
773 2933 893 2996 divina
918 2933 1126 3013 cognatione

177 3031 290 3095 multu
314 3030 434 3097 futura
460 3032 660 3114 praevideat.
714 3031 787 3096 Gur
808 3052 891 3113 ergo
914 3040 1059 3096 mortem
1081 3033 1126 3095 ti-

178 3132 294 3209 metis,
310 3132 370 3214 qui
384 3132 497 3197 somni
518 3132 684 3215 requiem,
699 3152 778 3215 quae
799 3133 910 3197 instar
924 3134 1045 3196 mortis
1062 3140 1127 3210 est,

179 3232 352 3314 diligitist
405 3232 478 3296 Res
493 3242 547 3297 est
564 3232 725 3295 nimirum
742 3232 937 3310 dementiae,
953 3252 1017 3314 pro
1030 3230 1128 3316 cupiss

179 3332 290 3396 ditate
305 3333 526 3408 brevisvitae,
543 3331 698 3397 invidere
713 3333 781 3397 sihi
797 3341 1011 3416 perpetuam.
1035 3332 1130 3411 Quin

179 3433 299 3515 potius
316 3431 460 3520 (fratres
483 3428 706 3517 charissimi),
723 3432 754 3496 si
776 3432 828 3496 ita
849 3432 1046 3513 contigerit,
1069 3453 1131 3519 po-

181 3533 254 3597 nite
286 3551 350 3614 pro
378 3532 545 3597 fratribus
571 3532 705 3596 animas
730 3539 889 3611 vestras;
915 3541 1064 3596 vacuate
1086 3533 1130 3595 ab

180 3631 297 3714 impiis
321 3631 390 3696 Dei
411 3632 627 3709 sacrarium,
642 3632 818 3696 extrudite
838 3633 1011 3711 latrones3
1033 3631 1133 3694 indu-

181 3732 249 3796 cite
272 3731 360 3813 pios
414 3730 524 3795 Nulla
539 3751 603 3796 vos
628 3732 893 3795 necessitudinis
914 3732 1026 3814 pietas
1049 3751 1132 3795 con·

182 3832 307 3909 tineat,
340 3832 424 3914 quia
457 3832 569 3914 prima
607 3830 756 3895 hominis
789 3832 902 3913 pietas
935 3832 971 3893 in
1005 3832 1131 3895 Deum.

183 3930 331 3995 Nullum
349 3930 477 3995 natalis
500 3931 567 3995 soli
589 3930 741 3995 charitas
759 3933 872 4008 tricet,
890 3931 972 4014 qnia
989 3931 1133 3995 diversis

184 4031 400 4113 respectibus
417 4030 615 4095 Christiano
632 4038 727 4095 totus
743 4038 797 4095 est
814 4031 962 4093 mundus
979 4032 1135 4107 exilium,

185 4139 221 4195 et
244 4138 342 4195 totus
368 4130 518 4194 muudus
544 4130 682 4213 patria;
706 4130 757 4193 ita
782 4131 925 4194 exilium
946 4132 1073 4212 patria,
1101 4139 1136 4194 et

184 4232 301 4314 patria
323 4230 476 4293 exilium.
532 4230 677 4294 Nullum
707 4230 991 4312 patrimoniorum
1015 4230 1137 4313 ampli-
