3100 5050
428 501 493 566 538
655 518 769 565 cnsrn
793 514 921 565 necuu
946 514 1158 563 nucuonun.
1231 502 1315 581 [me.
1332 514 1381 562 rv·

269 694 401 786 reprimor
453 682 577 763 Longa
592 688 671 743 tuos
688 677 801 743 fastus
815 686 902 744 aetas
920 678 1112 759 destruxit3
1137 687 1173 742 et
1190 696 1289 743 arces

269 751 293 790 ⁰¹
321 758 375 787 ‘'m‘'
505 782 667 859 Caesarie,
681 788 716 844 et
732 800 896 865 superum
915 781 1057 862 temple,
1073 779 1200 863 palude
1212 780 1344 863 jacent.
1363 792 1370 801 '

457 884 523 948 Ille
539 884 649 957 labor,
661 882 759 946 labor
775 882 835 945 iile
852 882 932 959 ruit,
949 900 1052 964 quem
1070 881 1164 944 dirus
1182 878 1321 945 Araxes

507 983 554 1048 Et
571 990 720 1047 stentem
736 983 889 1059 tremuit,
906 990 941 1046 et
958 981 1124 1045 cecidisse
1138 980 1253 1061 dolet3

458 1084 571 1165 Quem
586 1083 693 1165 gladii
708 1103 842 1165 regum,
856 1101 957 1166 quem
973 1081 1121 1165 provida
1129 1081 1212 1166 jura
1229 1087 1382 1157 senatus,

509 1185 622 1264 Quem
637 1186 754 1267 superi
772 1203 885 1248 rerum
902 1182 1113 1248 constituere
1128 1190 1253 1264 caput3

432 1318 434 1325 >
459 1285 573 1366 Quem
586 1283 697 1366 magis
712 1285 849 1367 optavit
861 1304 939 1348 cum
955 1284 1097 1347 crimine
1112 1282 1207 1348 solus
1221 1283 1349 1347 habere

509 1386 641 1463 Caesar,
657 1405 762 1467 quam
776 1386 893 1450 socius
906 1391 942 1449 et
957 1385 1036 1467 pius
1052 1402 1128 1447 esse
1143 1403 1259 1448 socer:

459 1486 532 1566 Qui
568 1505 725 1550 crescens
762 1486 886 1550 studiis
921 1486 1044 1561 tribus,
1079 1484 1208 1562 hostes,
1242 1485 1384 1561 crimen,

559 1586 700 1664 amicos

510 1686 559 1751 Vi
574 1686 719 1764 domuit,
735 1687 847 1751 secuit
863 1686 1011 1768 legibus,
1025 1686 1110 1750 emit
1126 1704 1211 1768 ope;

461 1788 506 1852 In
520 1807 636 1871 quem,
650 1786 731 1850 dum
749 1786 859 1865 fieret,
876 1787 1037 1869 vigilavit
1052 1805 1136 1849 cura
1151 1788 1317 1870 priorum,

511 1888 534 1952 J
537 1889 613 1952 uvit
628 1906 715 1970 opus
729 1888 854 1971 pietas,
869 1888 1016 1971 hospitis
1033 1886 1127 1950 uude
1141 1887 1254 1951 locum
1268 1909 1277 1966 ;

462 1988 660 2065 Materiam,
673 1988 801 2065 fabros,
816 2007 1001 2072 expensas,
1018 1988 1096 2051 axis
1110 1994 1255 2071 uterque

513 2090 633 2169 Misit;
656 2108 693 2152 se
711 2089 818 2153 muris
833 2088 960 2153 obtulit
975 2089 1051 2172 ipse
1067 2087 1186 2153 locus:

462 2190 669 2274 Expendere
684 2189 790 2253 duces
804 2189 999 2267 thesauros,
1014 2190 1089 2253 fata
1101 2189 1266 2265 favorem,

455 2344 457 2349 .
512 2289 674 2354 Artifices
689 2290 853 2369 studium,
871 2297 966 2354 totus
982 2297 1017 2354 et
1031 2290 1124 2353 orbis
1141 2308 1235 2373 opes.

436 2456 438 2461 .
462 2391 555 2456 Urbs
572 2390 708 2469 cecidit,
725 2391 851 2473 deque
866 2390 897 2454 si
914 2392 1099 2474 quiequam
1115 2390 1229 2453 dicere
1244 2389 1386 2471 dignum

439 2543 442 2550 .
512 2491 653 2570 Moliur,
667 2491 733 2557 hoc
749 2499 872 2576 potero
888 2490 1014 2571 dicere,
1029 2497 1051 2527 “
1064 2491 1179 2556 Roma
1195 2491 1262 2557 suit
1273 2490 1306 2556 !''

463 2594 546 2658 Non
572 2602 689 2656 tamen
714 2612 884 2657 annorum
913 2594 1031 2671 series,
1056 2611 1127 2657 nou
1149 2591 1302 2670 flamme,
1326 2611 1387 2656 nec

561 2694 665 2770 ensiS,

512 2792 569 2858 Ad
587 2793 727 2877 plenum
745 2794 861 2876 potuit
876 2792 941 2857 hoc
959 2793 1097 2858 abolere
1111 2793 1227 2858 decus.

463 2894 557 2959 Cure
577 2894 756 2958 hominum
783 2894 899 2976 potuit
924 2901 1059 2958 tantem
1082 2913 1287 2976 componere
1316 2892 1387 2957 Ro·

559 3014 662 3070 mam,

513 3093 691 3173 Quantam
705 3113 774 3158 non
788 3095 904 3175 potuit
921 3093 1057 3158 solvere
1072 3112 1156 3157 eura
1171 3093 1284 3157 deum.

463 3194 591 3258 Confer
618 3213 714 3276 opes,
744 3213 962 3276 marmorque
985 3213 1126 3270 novum,
1157 3212 1386 3277 superumque

561 3294 727 3370 favorem,

511 3392 696 3459 Artificum
713 3393 859 3475 vigilent
872 3392 908 3456 in
923 3412 1015 3457 nove
1029 3392 1123 3458 facte
1137 3413 1261 3457 munus
1274 3415 1289 3473 3.

462 3496 544 3560 Non
561 3503 677 3561 tamen
692 3503 753 3559 aut
766 3493 843 3557 fieri
856 3513 920 3576 pur
934 3495 1044 3558 stanti
1057 3495 1218 3559 machina
1233 3515 1344 3572 muro,

510 3594 585 3659 Aut
601 3595 788 3659 restaurari
804 3594 880 3657 solu
896 3595 996 3658 ruine
1011 3602 1137 3677 potest.

461 3695 532 3760 Hic
549 3716 710 3778 superum
725 3696 854 3760 formas
868 3695 986 3777 superi
999 3696 1168 3759 mirantur
1182 3702 1216 3759 et
1233 3696 1312 3780 ipsi,

514 3796 559 3860 Et
573 3797 717 3879 cupiunt
730 3795 820 3859 fictis
837 3795 992 3859 vultibus
1006 3815 1082 3860 esse
1097 3815 1209 3879 peres.

462 3897 544 3961 Non
557 3898 673 3980 potuit
688 3896 828 3960 Nature
840 3894 923 3959 deos
938 3896 1004 3960 hoc
1021 3916 1081 3960 ore
1095 3917 1224 3974 creare,
1274 3959 1278 3966 .

511 3996 591 4076 Quo
606 3997 762 4061 mirando
775 3997 878 4060 deum
893 3996 995 4080 signa
1012 3999 1145 4062 creavit
1159 3997 1272 4062 homo.

461 4097 589 4163 Vultus
605 4099 704 4162 adest
720 4097 773 4161 his
790 4096 1008 4176 numinibus;
1026 4099 1212 4180 potiusque
1226 4100 1385 4184 coluntur

507 4197 692 4263 Artificum
706 4198 835 4276 studio,
852 4217 956 4282 quam
974 4199 1103 4262 deitate
1120 4219 1196 4288 suu.

457 4299 550 4364 Urbs
567 4300 662 4376 selix,
681 4300 710 4363 si
729 4299 783 4364 vel
799 4299 947 4364 dominis
963 4300 1046 4363 urbs
1063 4299 1125 4390 ille
1141 4308 1287 4377 careret,

505 4399 573 4465 Vel
589 4401 735 4466 dominis
750 4409 843 4466 esset
860 4407 961 4483 turpe
976 4419 1094 4465 curere
1113 4399 1203 4464 fide!
