3100 5050
157 538 298 620 mnu]
384 556 497 605 unsri
522 557 649 605 nncuu
673 559 885 608 auctorum.
1049 545 1115 608 647·

156 720 339 842 peperunt,
359 733 382 776 a
406 714 581 779 consortio
603 721 722 778 nostro
748 722 784 778 et
808 714 962 778 ecclesiae
980 714 1111 779 alienos
1123 737 1272 828 affl*

177 811 370 876 habemus!
1245 815 1250 828 '

210 911 330 996 5416.
362 911 570 978 ‘Paschalis
605 914 783 979 Ansclmo.
836 913 941 993 Quod
969 911 1109 995 Anglici

146 1013 253 1094 ‚regis
280 1032 341 1076 cor
366 1013 410 1077 ad
437 1016 638 1096 apostolicae
666 1013 759 1078 sedis
781 1015 1012 1078 obedientiam
1035 1034 1108 1077 om-

156 1113 349 1194 nipotentis
363 1113 432 1177 Dei
448 1112 605 1196 dignatio
627 1115 822 1191 inclinavit,
837 1115 947 1178 eidem
965 1115 1108 1178 misera·

157 1212 295 1275 tionum
318 1212 471 1277 Domino
494 1216 627 1295 gratias
650 1215 799 1297 agimus,
821 1215 857 1278 in
879 1212 980 1298 cujus
1002 1233 1108 1278 manu

156 1311 266 1374 corda
282 1331 403 1394 regum
420 1321 616 1379 versantur.
661 1314 742 1379 Hoc
761 1313 923 1378 nimirum
937 1320 1008 1377 tuae
1024 1314 1107 1377 oha-

156 1411 275 1475 ritatis
304 1413 431 1494 gratia,
465 1421 671 1498 tuarumque
700 1414 896 1478 orationum
926 1413 1106 1489 instantia,

156 1508 292 1575 factum
308 1513 491 1590 credimus,
508 1514 597 1578 utin
610 1513 676 1578 hac
693 1520 793 1597 parte
812 1513 979 1596 popuJum
995 1513 1105 1585 illum,

156 1610 214 1673 cui
240 1618 304 1676 tua
327 1611 526 1677 sollicitudo
553 1613 728 1697 praesidet,
754 1613 931 1677 miseratio
956 1632 1106 1695 superna

156 1710 358 1792 respiceret.
411 1709 517 1790 Quod
538 1720 656 1776 autem
676 1719 712 1777 et
726 1713 814 1794 regi,
837 1712 942 1777 ethis
962 1713 1023 1795 qui
1044 1714 1105 1776 ob-

157 1811 257 1875 noxii
272 1811 444 1888 videntur,
467 1811 554 1876 adeo
581 1812 899 1890 condescendimus,
915 1831 957 1876 eo
981 1812 1106 1876 affectu

155 1915 192 1972 et
214 1911 456 1992 compassione
478 1911 608 1975 factum
639 1913 790 1990 noveris,
819 1919 860 1976 ut
884 1931 943 1976 eos
969 1913 1029 1994 qui
1048 1913 1105 1996 ja-

156 2009 284 2072 cebant
311 2009 445 2092 erigere
468 2010 666 2076 valeamus:
691 2020 726 2077 te
753 2019 870 2076 autem
889 2010 943 2099 (in
966 2011 1106 2076 Christo

156 2110 368 2174 venerabilis
395 2118 431 2174 et
458 2105 660 2175 charissime
685 2109 811 2196 frater)
834 2111 877 2174 ab
902 2111 963 2174 illa
988 2110 1105 2193 prohi-

156 2207 290 2272 bitione
322 2209 397 2274 sive
433 2208 492 2297 (ut
526 2217 566 2274 tu
597 2207 726 2294 credis)
753 2211 1107 2275 excommunicatione

157 2308 387 2387 absolvimus,
402 2329 508 2393 quam
530 2310 574 2373 ab
594 2317 812 2374 antecessore
834 2318 953 2375 nostro
975 2317 1106 2374 sanctae

159 2409 335 2473 memoriae
368 2409 512 2474 Urbano
548 2428 641 2492 papa
676 2410 844 2474 adversus
881 2410 1106 2475 investituras

157 2500 216 2572 'ac
242 2507 397 2573 hominia
419 2508 546 2575 factam
570 2509 745 2592 intelligis.
789 2510 845 2574 Tu
861 2530 944 2575 vero
966 2530 1026 2574 eos
1049 2511 1107 2593 qui

157 2616 221 2672 aut
242 2608 470 2674 investituras
497 2628 673 2693 accepere,
697 2617 760 2673 aut
791 2611 973 2675 investitos
1003 2612 1106 2674 bene-

158 2707 292 2785 dixere,
322 2716 385 2773 aut
421 2708 575 2773 hominia
611 2710 735 2787 fecere,
765 2729 844 2773 cum
876 2728 918 2773 ea
950 2710 1107 2774 satisfac·
1137 2736 1140 2741 ¹

157 2808 254 2872 tione
275 2826 381 2890 qnam
413 2809 477 2873 tibi
501 2828 564 2891 per
592 2829 790 2873 communes
812 2810 948 2890 legatos
971 2809 1107 2874 Willel-

158 2927 253 2971 mum
277 2926 319 2971 ac
342 2908 595 2986 Baldewinum,
612 2908 705 2974 viros
730 2909 849 2973 fideles
875 2916 911 2971 et
924 2909 1107 2985 veridicoS,

158 3007 408 3089 significamus
444 3008 595 3073 Domino
625 3016 833 3092 cooperante
860 3009 1039 3091 suscipito,
1073 3016 1108 3072 et

158 3126 217 3171 eos
231 3108 311 3173 vice
332 3114 463 3172 nostrae
490 3109 709 3173 auctoritatis
731 3108 924 3187 absolvito;
947 3127 1035 3190 quos
1052 3108 1108 3171 vel

157 3206 233 3290 ipse
260 3206 457 3283 benedicas,
483 3208 540 3272 vel
571 3228 593 3271 a
624 3209 750 3291 quibus
774 3207 924 3271 volueris
954 3208 1108 3271 benedici

159 3299 374 3390 ³praecipias,
398 3306 466 3370 nisi
482 3307 519 3369 in
541 3306 585 3371 iis
605 3308 699 3371 aliud
721 3307 812 3371 forte
832 3306 983 3389 reperias
1005 3326 1108 3389 prope

158 3412 211 3470 ter
234 3407 331 3489 quod
364 3426 386 3469 a
414 3408 562 3471 sacratis
591 3406 779 3470 honoribus
809 3407 880 3470 sint
910 3404 1107 3487 repellendi.

158 3505 195 3569 Si
222 3506 284 3589 qui
306 3525 391 3571 vero
413 3505 575 3590 deinceps
600 3513 728 3590 praeter
750 3506 973 3569 investituras
1001 3503 1110 3568 eccle-

158 3606 290 3669 siarum
320 3604 545 3688 praelationes
577 3605 841 3687 assumpserint,
870 3603 1006 3667 etiamsi
1036 3604 1110 3684 regi

158 3704 314 3770 hominia
337 3705 496 3782 fecerint,
512 3724 732 3788 nequaquam
751 3704 796 3768 ob
815 3703 880 3767 hoc
904 3722 926 3767 a
952 3702 1110 3767 benedic-

159 3806 265 3870 tionis
279 3824 423 3868 munere
440 3812 637 3882 arceantur,
647 3796 1030 3885 donec⁴omnipotentis
1044 3800 1111 3865 Dei

193 4068 203 4101 ¹
215 4070 365 4134 Habemus]
383 4070 432 4119 See
448 4070 499 4119 this
514 4071 589 4119 letter
600 4071 626 4119 in
685 4067 865 4131 wracene]
876 4067 908 4117 A.
920 4069 949 4117 C.
959 4067 993 4115 D.
1003 4067 1035 4115 E.
1046 4066 1111 4125 L2.;

160 4140 279 4205 Eadmer,
291 4157 318 4203 p.
329 4145 372 4202 vl,
384 4145 410 4189 et
421 4154 476 4201 seq.
650 4139 788 4201 percipias,
800 4138 828 4186 S.
948 4134 952 4141 ’

224 4228 230 4235 ’
687 4207 884 4270 ⁴0muipoteatis
897 4205 944 4253 Dei
954 4200 1063 4271 gratia]
1084 4206 1114 4251 Ο.

194 4278 274 4345 ²Ac.]
297 4280 331 4330 A.
343 4282 373 4330 C.
386 4279 422 4329 D.
438 4280 468 4329 E.
481 4279 555 4339 La.;
572 4283 626 4340 aut,
652 4277 686 4326 D.
695 4278 743 4335 Ε.;
755 4274 983 4337 peromnipotentis
996 4274 1046 4323 Dei
1058 4288 1115 4336 gra·

161 4350 190 4398 S.
651 4349 722 4407 bam,
733 4346 766 4395 Δ.
780 4346 808 4397 S.
821 4346 876 4395 Μ.

923 4432 994 4475 2u2
