3100 5050
193 484 342 567 arn.11.]
486 499 662 550 nrsronm
684 498 863 548 novenni.
1082 481 1147 546 ⁸731

194 656 422 721 ruricolarum
450 658 628 741 usquead
651 650 820 722 ¹stramen
848 656 1024 741 expilatis,
1052 656 1147 740 ipsos

194 759 332 822 vinctos
356 759 638 840 incarcerabant3
670 779 745 838 neo,
775 758 844 823 nisi
869 759 1026 822 omnibus
1051 778 1146 840 quae-

197 877 335 941 cunque
349 857 535 939 habebant,
553 867 588 924 et
601 854 825 944 ²quocunque
842 860 945 924 modo
969 860 1146 943 acquirere

195 966 370 1042 poterant,
392 960 428 1023 in
455 961 724 1044 redemptionem
746 961 972 1045 consumptis
995 959 1146 1025 dimitte-

196 1061 294 1125 bant.
325 1060 450 1125 Plures
464 1063 501 1125 in
514 1062 600 1146 ipsis
615 1063 796 1126 tormentis
813 1063 939 1146 quibus
955 1061 1051 1125 adse
1067 1061 1145 1124 red-

197 1160 375 1229 imendum
397 1164 723 1246 constringebantur
746 1162 864 1227 dulces
885 1162 1049 1226 efflabant
1070 1162 1146 1227 ani·

196 1281 285 1340 mas,
303 1263 395 1345 quod
412 1264 524 1328 solum
533 1271 708 1348 poterant,
722 1264 800 1329 Deo
814 1265 969 1328 miserias
987 1281 1069 1326 suas
1085 1283 1147 1346 ap·

197 1363 388 1447 plorantes.
440 1364 487 1429 Et
500 1366 650 1449 quidem,
670 1384 714 1429 ex
727 1365 908 1430 voluntate
926 1364 1076 1442 comitis,
1098 1365 1147 1428 le-

197 1471 303 1547 gatus
329 1485 407 1529 oum
431 1466 602 1550 episcopis
626 1485 746 1531 ornnes
771 1466 968 1530 effractores
991 1466 1147 1529 coemite·

198 1565 328 1630 riorum
345 1573 381 1630 et
395 1566 581 1631 violatores
603 1565 837 1644 ecclesiarum,
853 1574 888 1632 et
902 1567 962 1650 qui
985 1567 1075 1631 sacri
1089 1565 1146 1630 vel

197 1666 352 1748 religiosi
383 1667 512 1734 ordinis
546 1669 742 1733 hominibus
772 1669 829 1733 vel
861 1688 979 1732 eorum
1008 1667 1147 1732 famulis

197 1787 321 1831 manus
346 1768 559 1852 injecissent,
580 1769 781 1834 multotiens
811 1769 1143 1849 excommunicavit;

197 1867 259 1932 sed
292 1868 378 1933 nihil
409 1870 658 1952 propemodum
687 1870 752 1935 hac
785 1871 931 1954 profecit
962 1869 1143 1934 industria.

199 1968 287 2034 Erat
308 1990 391 2052 ergo
406 1970 525 2035 videre
546 1972 792 2048 calamitatem,
808 1969 985 2053 Angliam,
1000 1971 1146 2054 praecla-

196 2071 370 2135 rissimam
384 2071 667 2156 quondampaois
683 2073 904 2149 nutriculam,
920 2072 1070 2154 speciale
1085 2071 1147 2135 do·

197 2171 363 2236 micilium
381 2172 519 2256 quietiS,
536 2173 580 2236 ad
600 2173 665 2237 hoc
681 2174 828 2238 miseriae
845 2172 1042 2238 devolutam
1060 2190 1148 2250 esse,
1237 2239 1240 2244 ,
1261 2175 1262 2178 ’

197 2280 238 2338 ut
262 2293 327 2337 nec
351 2274 456 2338 etiam
482 2275 636 2358 episcopi
660 2294 724 2338 nec
747 2273 908 2338 monachi
931 2272 974 2336 de
1000 2273 1085 2337 villa
1110 2275 1148 2337 in

196 2374 316 2439 villam
333 2381 409 2440 tuto
423 2382 566 2459 possent
582 2375 754 2459 progredi.
806 2375 878 2439 Sub
895 2372 1049 2438 Henrico
1065 2393 1148 2456 rege

198 2475 300 2541 multi
314 2475 530 2560 alienigenae,
550 2476 610 2561 qui
631 2477 777 2560 genialis
799 2475 893 2541 humi
909 2469 1147 2559 ³inquietatio·

196 2578 300 2641 nibus
325 2579 608 2660 exagitabantur,
630 2577 797 2661 Angliam
820 2577 1089 2659 adnavigabant,
1112 2584 1149 2642 et

197 2679 263 2741 sub
285 2678 362 2762 ejus
384 2679 450 2743 alis
471 2679 627 2761 quietum
650 2680 759 2743 otium
782 2666 953 2761 agebant:
977 2679 1041 2741 sub
1069 2678 1147 2741 Ste-

196 2779 313 2861 phano
328 2779 446 2863 plures
461 2800 507 2843 ex
525 2780 691 2843 Flandria
705 2787 741 2844 et
757 2780 968 2857 Brittannia,
985 2786 1085 2862 rapto
1097 2779 1146 2842 vi-

197 2899 280 2943 vere
299 2880 442 2959 assueti,
459 2900 521 2963 spe
540 2900 743 2963 magnarum
770 2879 965 2963 praedarum
981 2876 1147 2961 Angliam

195 2979 411 3045 involabant.
471 2980 597 3046 Comes
623 2975 855 3046 ⁴Gloecestrae
888 2979 1064 3044 Robertus
1093 2980 1148 3043 in·

198 3089 294 3147 terea
317 3082 473 3147 modeste
488 3100 526 3145 se
540 3102 656 3164 agere,
673 3082 758 3146 nihil
775 3082 887 3163 magis
905 3100 1028 3145 cavere
1044 3099 1148 3162 quam

197 3201 242 3245 ne
259 3183 315 3247 vel
332 3201 440 3265 parvo
457 3183 662 3247 detrimento
677 3202 818 3247 suorum
834 3182 999 3247 vinceret.
1045 3180 1149 3262 Mag-

198 3290 298 3346 netes
314 3280 522 3365 Anglo'rum,
538 3302 626 3366 quos
644 3283 688 3346 ad
705 3284 906 3365 religionem
918 3281 1148 3366 jurisjurandi

198 3384 405 3448 servandam
429 3381 567 3447 flectere
591 3403 660 3447 non
686 3391 816 3466 posset,
834 3384 919 3447 satis
940 3383 1090 3447 habebat
1112 3381 1148 3445 in

199 3481 311 3548 officio
339 3483 527 3561 continere,
555 3484 678 3566 utqui
706 3484 792 3547 nihil
826 3483 992 3567 adjuvare
1018 3482 1150 3546 vellent

199 3584 312 3648 minus
322 3592 502 3663 nocerent3
515 3583 702 3648 secundum
714 3586 893 3661 comicum,
905 3589 914 3617 ‘
926 3583 1046 3648 volens
1056 3582 1149 3666 quod

198 3693 329 3768 posset,
355 3684 438 3748 dum
463 3705 533 3748 non
555 3691 674 3767 posset
695 3684 788 3768 quod
804 3682 931 3748 vellet.¹
983 3684 1150 3749 Ubicum-

197 3806 266 3869 que
281 3793 398 3850 tamen
413 3784 590 3850 commode
606 3785 680 3849 fieri
695 3804 799 3868 posse
815 3785 967 3862 videbat,
979 3792 1013 3849 et
1030 3784 1150 3849 militis

237 4040 395 4114 Ἥκω]
406 4046 439 4095 Ε.
447 4044 661 4109 3sbatum,S.D.
721 4038 991 4113 quaternionibus]
1020 4043 1054 4094 E.
1077 4044 1150 4106 1123

197 4119 254 4174 Μ.
583 4112 585 4115 ⁴
686 4117 811 4179 turbellis,
822 4115 851 4164 S.
863 4114 898 4165 D.

165 4226 167 4230 .
231 4186 404 4250 ²Qoaoanqoe
418 4180 511 4252 moda]
529 4186 577 4247 E.;
593 4200 664 4248 qua-

196 4274 299 4321 cunque
318 4272 471 4320 quocunqne
486 4256 570 4320 modo,
588 4256 617 4307 S.
629 4257 665 4306 D.
724 4254 734 4284 ⁴
759 4256 903 4303 Gloeceatrae
926 4255 1069 4319 Robertus]
1097 4256 1153 4318 E.;

197 4333 253 4382 Μ.
689 4325 793 4375 omitted
803 4326 830 4374 in
843 4324 871 4375 S.
884 4326 919 4377 D.
930 4327 987 4377 112·
