3100 5050
172 511 243 573 nm.
259 495 331 578 111.]
459 507 634 560 merolus
656 508 834 560 uovnnna.
1056 493 1122 560 765

173 688 290 734 secum
302 670 490 750 obsidibus,
506 689 585 735 cum
599 670 773 754 expeditis
790 668 957 734 militibus
975 687 1036 752 per
1044 674 1122 734 tuta

174 770 327 854 hospitia
351 772 396 836 ad
421 761 566 835 waram
593 770 768 853 profectus
795 776 860 847 est,
884 789 986 853 quem
1007 769 1122 834 vicum

174 890 256 934 curn
270 872 413 936 castello
423 871 628 956 jamdudum
643 870 863 935 commiserat
876 870 948 935 filio
971 888 1034 934 suo
1051 870 1122 952 pri·

175 973 352 1054 mogenito
366 971 554 1036 willelmo.
606 971 663 1036 Ibi
685 971 864 1054 aliquanto
893 976 973 1053 post
996 970 1124 1034 festum

176 1073 290 1136 sancti
304 1072 327 1137 J
330 1072 477 1137 ohannis
494 1071 567 1136 alto
581 1091 619 1136 se
633 1089 696 1154 per
710 1071 780 1136 Dei
796 1069 945 1153 gratiam
966 1071 1123 1134 commit·

177 1180 267 1250 tens,
282 1191 389 1237 naves
404 1191 492 1255 quas
510 1179 592 1235 tunc
614 1171 764 1236 babebat
777 1170 893 1238 solvit.
945 1168 1035 1250 Quae
1052 1169 1124 1235 fere

176 1274 214 1337 in
226 1272 378 1337 medium
393 1292 488 1338 mare
502 1272 639 1350 delatae,
656 1289 775 1336 omnes
796 1277 924 1354 praeter
935 1271 1023 1335 duas
1038 1275 1125 1334 tem.

178 1379 315 1455 pestate
336 1379 457 1457 coorta
480 1372 516 1436 in
540 1373 678 1436 diversa
696 1371 862 1456 jactatae3
896 1370 1124 1455 quaedamque

177 1480 272 1538 retro
287 1491 411 1551 versae,
428 1473 587 1556 quaedam
610 1472 703 1537 ultra
717 1470 928 1536 destinatum
950 1472 1124 1554 propulsae

177 1580 279 1639 sunt:
311 1573 389 1638 duae
411 1573 640 1652 solummodo,
671 1571 876 1654 inquorum
906 1591 976 1637 una
1009 1589 1124 1636 comes

177 1693 257 1739 cnm
281 1673 456 1738 fidissimis
480 1679 567 1753 erat,
580 1683 713 1738 rectum
734 1690 874 1737 cursum
894 1677 1063 1751 tenentes,
1088 1672 1125 1735 in

176 1773 337 1839 idoneam
359 1775 545 1839 stationem
566 1773 783 1857 appulerunt.
836 1771 991 1837 Veniens
1007 1771 1125 1856 itaque

179 1872 382 1954 Cadomum,
406 1875 564 1940 comitem
587 1872 875 1958 Andegavensem
897 1893 960 1956 per
980 1873 1125 1937 nuncios

178 1976 372 2040 accersivit.
423 1974 532 2040 Venit
552 1974 611 2039 ille
632 1995 702 2039 non
727 1980 964 2057 aspernanter,
980 1973 1040 2037 sed
1063 1991 1126 2036 au·

178 2075 263 2140 ditae
276 2075 442 2158 legationi
456 2094 522 2140 sua
534 2074 791 2158 impedimenta,
814 2080 849 2139 et
869 2093 912 2138 ea
930 2073 1052 2151 multa,
1066 2073 1126 2137 ob-

174 2176 281 2260 jecit:
304 2176 394 2241 inter
407 2195 498 2258 quae,
515 2175 608 2258 quod
630 2173 816 2240 rebellione
840 2173 1026 2238 multorum
1049 2191 1125 2238 cas·

180 2276 341 2340 tellorum
357 2276 394 2340 in
411 2276 628 2340 Normannia
642 2275 853 2339 detineretur
866 2292 935 2356 quo
954 2274 1068 2336 minus
1090 2273 1127 2336 in

179 2374 344 2459 Angliam
361 2376 503 2441 veniret.
556 2376 610 2440 Ea
622 2394 677 2439 res
690 2393 805 2439 moras
821 2372 985 2437 redeundi
1007 2373 1126 2437 comiti

182 2475 440 2542 Gloeoestrensi
462 2475 558 2541 ultra
578 2475 744 2559 placitum
770 2473 950 2539 innexuit:
983 2492 1064 2539 nam
1086 2479 1126 2537 ut
1227 2465 1230 2474 ’

182 2576 468 2661 andegavensem
491 2576 584 2641 omni
605 2574 786 2640 occasione
809 2574 967 2653 nudaret,
984 2593 1062 2638 cum
1084 2593 1125 2640 eo

173 2678 298 2744 decem
315 2676 460 2741 castella
484 2677 699 2759 expugnavit
721 2675 757 2738 in
775 2673 1004 2752 Normannia,
1022 2668 1126 2757 ¹quo·

180 2798 258 2842 rum
280 2777 355 2841 haec
376 2782 458 2841 sunt
473 2776 655 2854 vocabula,
677 2774 941 2853 Tenercbebrai,
965 2772 1126 2838 Seithila-

180 2885 246 2955 ret,
280 2876 492 2956 Brichesart,
518 2870 653 2954 'Alani
688 2874 921 2957 Bastonborg‚
953 2873 1127 2952 Triveres,

183 2978 303 3043 Castel
324 2977 367 3042 de
381 2977 483 3055 Vira,
497 2976 657 3053 Plaiseiz,
671 2973 801 3052 Vilers,
822 2974 1009 3039 Moretoin.
1059 2972 1127 3037 Sed

182 3077 430 3162 propemodum
455 3076 541 3141 nihil
565 3082 733 3160 quantum
758 3075 803 3139 ad
827 3074 1035 3157 legationem
1061 3073 1128 3137 hac

181 3178 355 3262 promovit
378 3176 572 3256 industria3
605 3174 868 3258 Andegarcnsis
895 3173 986 3238 enim
1013 3192 1128 3239 comes

64 3290 68 3297 ’
183 3286 218 3343 et
243 3278 331 3342 alias
354 3278 566 3354 occasiones,
587 3276 758 3359 prioribus
781 3274 915 3353 solutis,
937 3274 1128 3353 substituit,

183 3378 310 3461 quibus
341 3378 379 3440 in
400 3375 567 3459 Angliam
594 3376 781 3441 adrentum
809 3381 991 3439 excusaret
1014 3393 1127 3440 suum.

184 3478 309 3561 Magni
322 3496 408 3541 sane
423 3478 500 3541 loco
516 3475 674 3541 beneficii
688 3475 913 3538 filium'suum
924 3493 969 3537 ex
982 3474 1130 3556 impera-

183 3580 268 3644 trice
291 3578 556 3661 primogenitum
583 3576 756 3641 avunculo
791 3574 962 3639 concessit
993 3573 1029 3637 in
1053 3570 1129 3637 An·

183 3680 291 3761 gliam
316 3677 563 3755 deducendum,
586 3675 685 3760 cujus
706 3675 836 3739 intuitu
859 3691 1017 3757 proceres
1040 3672 1130 3756 justi

182 3771 330 3844 haeredis
353 3783 470 3861 partes
495 3794 716 3859 propugnare
737 3775 981 3839 animarentur.
1033 3772 1132 3836 Hen-

183 3879 276 3944 ricus
293 3884 440 3942 vocatur
454 3896 551 3960 puer,
573 3895 699 3941 nomen
720 3876 779 3940 avi
793 3874 972 3938 referens:
997 3873 1131 3937 utinam

183 3978 386 4044 felicitatem
403 3983 438 4041 et
454 3976 646 4059 potentiam
663 3974 870 4060 quandoque
887 3973 1070 4038 relaturus

186 4245 416 4370 οῃᾷἕθῗζζᾝρζ
429 4240 582 4367 ἔῗῗζ]
602 4246 651 4307 Ε·ῖ
706 4276 826 4345 uana]
843 4282 916 4342 e1.;
931 4278 1018 4339 anai,
1029 4280 1085 4329 aa.
