<?xml version="1.0" encoding="UTF-8"?>
<!DOCTYPE html PUBLIC "-//W3C//DTD XHTML 1.0 Transitional//EN"
    "http://www.w3.org/TR/xhtml1/DTD/xhtml1-transitional.dtd">
<html xmlns="http://www.w3.org/1999/xhtml" xml:lang="en" lang="en">
 <head>
  <title>
</title>
<meta http-equiv="Content-Type" content="text/html;charset=utf-8" />
  <meta name='ocr-system' content='tesseract 3.04.00' />
  <meta name='ocr-capabilities' content='ocr_page ocr_carea ocr_par ocr_line ocrx_word'/>
</head>
<body>
  <div class='ocr_page' id='page_1' title='image "./willelmimalmesb02willgoog_0094.png"; bbox 0 0 3100 5050; ppageno 0'>
   <div class='ocr_carea' id='block_1_1' title="bbox 399 502 1355 583">
    <p class='ocr_par' dir='ltr' id='par_1_1' title="bbox 399 502 1355 583">
     <span class='ocr_line' id='line_1_1' title="bbox 399 502 1355 583; baseline -0.012 -8"><span class='ocrx_word' id='word_1_1' title='bbox 399 510 466 575; x_wconf 76' lang='lat'>474</span> <span class='ocrx_word' id='word_1_2' title='bbox 617 521 730 571; x_wconf 72' lang='lat' dir='ltr'>unsri</span> <span class='ocrx_word' id='word_1_3' title='bbox 754 521 881 569; x_wconf 78' lang='lat' dir='ltr'>annun</span> <span class='ocrx_word' id='word_1_4' title='bbox 905 519 1118 569; x_wconf 77' lang='lat' dir='ltr'>sucronuu.</span> <span class='ocrx_word' id='word_1_5' title='bbox 1193 502 1278 583; x_wconf 79' lang='lat' dir='ltr'>[ms.</span> <span class='ocrx_word' id='word_1_6' title='bbox 1299 516 1355 564; x_wconf 94' lang='grc' dir='ltr'><strong>ιιι.</strong></span> 
     </span>
    </p>
   </div>
   <div class='ocr_carea' id='block_1_2' title="bbox 444 739 1357 991">
    <p class='ocr_par' dir='ltr' id='par_1_2' title="bbox 444 739 1357 991">
     <span class='ocr_line' id='line_1_2' title="bbox 444 739 1356 804; baseline -0.007 -12"><span class='ocrx_word' id='word_1_7' title='bbox 444 744 542 804; x_wconf 87' lang='lat' dir='ltr'>Quoo</span> <span class='ocrx_word' id='word_1_8' title='bbox 566 742 810 792; x_wconf 75' lang='lat' dir='ltr'>naonscnnsls</span> <span class='ocrx_word' id='word_1_9' title='bbox 833 741 1156 801; x_wconf 76' lang='lat' dir='ltr'>sncnrnrlscorus,</span> <span class='ocrx_word' id='word_1_10' title='bbox 1176 740 1220 786; x_wconf 81' lang='lat' dir='ltr'>ur</span> <span class='ocrx_word' id='word_1_11' title='bbox 1236 739 1356 787; x_wconf 80' lang='lat' dir='ltr'>onnus</span> 
     </span>
     <span class='ocr_line' id='line_1_3' title="bbox 504 839 1357 904; baseline -0.006 -13"><span class='ocrx_word' id='word_1_12' title='bbox 504 844 574 891; x_wconf 85' lang='lat' dir='ltr'>suu</span> <span class='ocrx_word' id='word_1_13' title='bbox 603 841 1091 904; x_wconf 76' lang='lat' dir='ltr'>sunrncrr‚nnournr1scoro</span> <span class='ocrx_word' id='word_1_14' title='bbox 1115 839 1357 888; x_wconf 77' lang='lat' dir='ltr'>nononnnurm</span> 
     </span>
     <span class='ocr_line' id='line_1_4' title="bbox 505 943 784 991; baseline -0.004 0"><span class='ocrx_word' id='word_1_15' title='bbox 505 943 784 991; x_wconf 78' lang='lat' dir='ltr'>suarrorsurua.</span> 
     </span>
    </p>
   </div>
   <div class='ocr_carea' id='block_1_3' title="bbox 458 1046 1358 1215">
    <p class='ocr_par' dir='ltr' id='par_1_3' title="bbox 458 1046 1358 1215">
     <span class='ocr_line' id='line_1_5' title="bbox 458 1046 1358 1135; baseline -0.009 -19"><span class='ocrx_word' id='word_1_16' title='bbox 458 1050 607 1117; x_wconf 84' lang='lat' dir='ltr'>Generale</span> <span class='ocrx_word' id='word_1_17' title='bbox 622 1050 784 1114; x_wconf 82' lang='lat' dir='ltr'>concilium</span> <span class='ocrx_word' id='word_1_18' title='bbox 801 1049 893 1135; x_wconf 83' lang='lat' dir='ltr'>regni</span> <span class='ocrx_word' id='word_1_19' title='bbox 909 1048 1084 1135; x_wconf 79' lang='lat' dir='ltr'>Anglorurn</span> <span class='ocrx_word' id='word_1_20' title='bbox 1100 1046 1224 1131; x_wconf 85' lang='lat' dir='ltr'>dejure</span> <span class='ocrx_word' id='word_1_21' title='bbox 1243 1056 1271 1108; x_wconf 89' lang='lat' dir='ltr'>et</span> <span class='ocrx_word' id='word_1_22' title='bbox 1285 1048 1358 1129; x_wconf 84' lang='lat' dir='ltr'>pri-</span> 
     </span>
     <span class='ocr_line' id='line_1_6' title="bbox 506 1144 1340 1215; baseline -0.005 -1"><span class='ocrx_word' id='word_1_23' title='bbox 506 1163 589 1214; x_wconf 82' lang='lat' dir='ltr'>matu</span> <span class='ocrx_word' id='word_1_24' title='bbox 604 1148 851 1215; x_wconf 74' lang='lat' dir='ltr'>Dorobernensr&#39;s</span> <span class='ocrx_word' id='word_1_25' title='bbox 867 1150 931 1211; x_wconf 82' lang='lat' dir='ltr'>sive</span> <span class='ocrx_word' id='word_1_26' title='bbox 949 1146 1185 1213; x_wconf 73' lang='lat' dir='ltr'><strong><em>cantuariensis</em></strong></span> <span class='ocrx_word' id='word_1_27' title='bbox 1202 1144 1340 1210; x_wconf 78' lang='lat' dir='ltr'>ecclesia.</span> 
     </span>
    </p>
   </div>
   <div class='ocr_carea' id='block_1_4' title="bbox 247 1270 1362 2057">
    <p class='ocr_par' dir='ltr' id='par_1_4' title="bbox 247 1270 1362 2057">
     <span class='ocr_line' id='line_1_7' title="bbox 247 1270 1360 1363; baseline -0.009 -19"><span class='ocrx_word' id='word_1_28' title='bbox 247 1301 369 1345; x_wconf 61' lang='lat' dir='ltr'>annau.</span> <span class='ocrx_word' id='word_1_29' title='bbox 460 1278 478 1363; x_wconf 54' lang='grc' dir='ltr'><em>ᾗ</em></span> <span class='ocrx_word' id='word_1_30' title='bbox 502 1276 579 1341; x_wconf 73' lang='lat'><strong>298.</strong></span> <span class='ocrx_word' id='word_1_31' title='bbox 604 1275 729 1341; x_wconf 90' lang='lat' dir='ltr'>‘Anno</span> <span class='ocrx_word' id='word_1_32' title='bbox 752 1277 797 1339; x_wconf 88' lang='lat' dir='ltr'>ab</span> <span class='ocrx_word' id='word_1_33' title='bbox 821 1274 1061 1339; x_wconf 78' lang='lat' dir='ltr'>incarnatione</span> <span class='ocrx_word' id='word_1_34' title='bbox 1085 1272 1228 1338; x_wconf 91' lang='lat' dir='ltr'>Domini</span> <span class='ocrx_word' id='word_1_35' title='bbox 1249 1270 1360 1335; x_wconf 85' lang='lat' dir='ltr'>nostri</span> 
     </span>
     <span class='ocr_line' id='line_1_8' title="bbox 408 1372 1359 1457; baseline -0.008 -15"><span class='ocrx_word' id='word_1_36' title='bbox 408 1377 431 1441; x_wconf 83' lang='lat' dir='ltr'>J</span> <span class='ocrx_word' id='word_1_37' title='bbox 435 1398 497 1442; x_wconf 89' lang='lat' dir='ltr'>esu</span> <span class='ocrx_word' id='word_1_38' title='bbox 526 1377 656 1441; x_wconf 81' lang='lat' dir='ltr'>Christi</span> <span class='ocrx_word' id='word_1_39' title='bbox 686 1376 869 1440; x_wconf 87' lang='lat' dir='ltr'>millesimo</span> <span class='ocrx_word' id='word_1_40' title='bbox 907 1374 1163 1457; x_wconf 87' lang='lat' dir='ltr'>septuagesimo</span> <span class='ocrx_word' id='word_1_41' title='bbox 1196 1372 1359 1449; x_wconf 87' lang='lat' dir='ltr'>secundo,</span> 
     </span>
     <span class='ocr_line' id='line_1_9' title="bbox 409 1472 1359 1561; baseline -0.007 -20"><span class='ocrx_word' id='word_1_42' title='bbox 409 1478 631 1561; x_wconf 89' lang='lat' dir='ltr'>pontificatus</span> <span class='ocrx_word' id='word_1_43' title='bbox 656 1484 772 1540; x_wconf 89' lang='lat' dir='ltr'>autem</span> <span class='ocrx_word' id='word_1_44' title='bbox 798 1474 929 1539; x_wconf 91' lang='lat' dir='ltr'>domini</span> <span class='ocrx_word' id='word_1_45' title='bbox 953 1472 1146 1539; x_wconf 79' lang='lat' dir='ltr'>Alexandri</span> <span class='ocrx_word' id='word_1_46' title='bbox 1170 1490 1271 1555; x_wconf 85' lang='lat' dir='ltr'>papae</span> <span class='ocrx_word' id='word_1_47' title='bbox 1294 1491 1359 1535; x_wconf 91' lang='lat' dir='ltr'>uu-</span> 
     </span>
     <span class='ocr_line' id='line_1_10' title="bbox 410 1571 1360 1660; baseline -0.008 -18"><span class='ocrx_word' id='word_1_48' title='bbox 410 1578 554 1656; x_wconf 89' lang='lat' dir='ltr'>deoimo,</span> <span class='ocrx_word' id='word_1_49' title='bbox 570 1577 669 1660; x_wconf 82' lang='lat' dir='ltr'>regni</span> <span class='ocrx_word' id='word_1_50' title='bbox 683 1596 766 1641; x_wconf 86' lang='lat' dir='ltr'>vero</span> <span class='ocrx_word' id='word_1_51' title='bbox 781 1574 949 1640; x_wconf 90' lang='lat' dir='ltr'>Willelmi</span> <span class='ocrx_word' id='word_1_52' title='bbox 962 1574 1104 1655; x_wconf 86' lang='lat' dir='ltr'>gloriosi</span> <span class='ocrx_word' id='word_1_53' title='bbox 1117 1572 1210 1655; x_wconf 84' lang='lat' dir='ltr'>regis</span> <span class='ocrx_word' id='word_1_54' title='bbox 1225 1571 1360 1653; x_wconf 84' lang='lat' dir='ltr'>Angla·</span> 
     </span>
     <span class='ocr_line' id='line_1_11' title="bbox 411 1664 1361 1754; baseline -0.007 -13"><span class='ocrx_word' id='word_1_55' title='bbox 411 1698 488 1741; x_wconf 91' lang='lat' dir='ltr'>rum</span> <span class='ocrx_word' id='word_1_56' title='bbox 508 1684 543 1749; x_wconf 84' lang='lat' dir='ltr'>et</span> <span class='ocrx_word' id='word_1_57' title='bbox 567 1677 664 1741; x_wconf 90' lang='lat' dir='ltr'>ducis</span> <span class='ocrx_word' id='word_1_58' title='bbox 686 1664 968 1740; x_wconf 82' lang='lat' dir='ltr'>Normannorum</span> <span class='ocrx_word' id='word_1_59' title='bbox 990 1681 1104 1750; x_wconf 88' lang='lat' dir='ltr'>sexto,</span> <span class='ocrx_word' id='word_1_60' title='bbox 1121 1692 1167 1736; x_wconf 83' lang='lat' dir='ltr'>ex</span> <span class='ocrx_word' id='word_1_61' title='bbox 1187 1678 1361 1754; x_wconf 88' lang='lat' dir='ltr'>praecepto</span> 
     </span>
     <span class='ocr_line' id='line_1_12' title="bbox 412 1772 1359 1861; baseline -0.006 -21"><span class='ocrx_word' id='word_1_62' title='bbox 412 1777 566 1861; x_wconf 85' lang='lat' dir='ltr'>ejusdem</span> <span class='ocrx_word' id='word_1_63' title='bbox 581 1774 775 1840; x_wconf 84' lang='lat' dir='ltr'>Alexandri</span> <span class='ocrx_word' id='word_1_64' title='bbox 796 1795 910 1859; x_wconf 87' lang='lat' dir='ltr'>papae,</span> <span class='ocrx_word' id='word_1_65' title='bbox 928 1781 1101 1838; x_wconf 85' lang='lat' dir='ltr'>annuente</span> <span class='ocrx_word' id='word_1_66' title='bbox 1123 1772 1243 1837; x_wconf 87' lang='lat' dir='ltr'>eodem</span> <span class='ocrx_word' id='word_1_67' title='bbox 1266 1791 1359 1853; x_wconf 83' lang='lat' dir='ltr'>rege,</span> 
     </span>
     <span class='ocr_line' id='line_1_13' title="bbox 412 1872 1359 1959; baseline -0.006 -19"><span class='ocrx_word' id='word_1_68' title='bbox 412 1878 448 1940; x_wconf 88' lang='lat' dir='ltr'>in</span> <span class='ocrx_word' id='word_1_69' title='bbox 465 1876 783 1959; x_wconf 74' lang='lat' dir='ltr'>praesentia-ipsius</span> <span class='ocrx_word' id='word_1_70' title='bbox 805 1883 841 1940; x_wconf 86' lang='lat' dir='ltr'>et</span> <span class='ocrx_word' id='word_1_71' title='bbox 862 1876 1102 1957; x_wconf 87' lang='lat' dir='ltr'>episcoporum</span> <span class='ocrx_word' id='word_1_72' title='bbox 1125 1880 1230 1955; x_wconf 87' lang='lat' dir='ltr'>atque</span> <span class='ocrx_word' id='word_1_73' title='bbox 1253 1872 1359 1935; x_wconf 89' lang='lat' dir='ltr'>abba·</span> 
     </span>
     <span class='ocr_line' id='line_1_14' title="bbox 412 1972 1362 2057; baseline -0.006 -17"><span class='ocrx_word' id='word_1_74' title='bbox 412 1983 499 2053; x_wconf 89' lang='lat' dir='ltr'>tum,</span> <span class='ocrx_word' id='word_1_75' title='bbox 514 1976 683 2041; x_wconf 86' lang='lat' dir='ltr'>ventilata</span> <span class='ocrx_word' id='word_1_76' title='bbox 706 1983 760 2040; x_wconf 86' lang='lat' dir='ltr'>est</span> <span class='ocrx_word' id='word_1_77' title='bbox 786 1993 892 2041; x_wconf 86' lang='lat' dir='ltr'>causa</span> <span class='ocrx_word' id='word_1_78' title='bbox 916 1975 959 2038; x_wconf 92' lang='lat' dir='ltr'>de</span> <span class='ocrx_word' id='word_1_79' title='bbox 980 1974 1132 2057; x_wconf 89' lang='lat' dir='ltr'>primatu</span> <span class='ocrx_word' id='word_1_80' title='bbox 1150 1992 1253 2054; x_wconf 92' lang='lat' dir='ltr'>quem</span> <span class='ocrx_word' id='word_1_81' title='bbox 1269 1972 1362 2035; x_wconf 86' lang='lat' dir='ltr'>Lan·</span> 
     </span>
    </p>
   </div>
   <div class='ocr_carea' id='block_1_5' title="bbox 329 2224 1371 4392">
    <p class='ocr_par' dir='ltr' id='par_1_5' title="bbox 329 2224 1371 4392">
     <span class='ocr_line' id='line_1_15' title="bbox 414 2224 1364 2288; baseline 0 -16"><span class='ocrx_word' id='word_1_82' title='bbox 414 2225 537 2287; x_wconf 79' lang='lat' dir='ltr'>nignitate</span> <span class='ocrx_word' id='word_1_83' title='bbox 561 2226 628 2288; x_wconf 72' lang='lat' dir='ltr'>regis</span> <span class='ocrx_word' id='word_1_84' title='bbox 651 2230 676 2274; x_wconf 90' lang='lat' dir='ltr'>et</span> <span class='ocrx_word' id='word_1_85' title='bbox 699 2227 768 2288; x_wconf 74' lang='lat' dir='ltr'>June,</span> <span class='ocrx_word' id='word_1_86' title='bbox 792 2225 879 2273; x_wconf 90' lang='lat' dir='ltr'>debita</span> <span class='ocrx_word' id='word_1_87' title='bbox 901 2228 973 2273; x_wconf 84' lang='lat' dir='ltr'>tanta</span> <span class='ocrx_word' id='word_1_88' title='bbox 982 2225 1153 2287; x_wconf 87' lang='lat' dir='ltr'>prosequitur,</span> <span class='ocrx_word' id='word_1_89' title='bbox 1163 2224 1364 2274; x_wconf 86' lang='lat' dir='ltr'>ettalidominos</span> 
     </span>
     <span class='ocr_line' id='line_1_16' title="bbox 414 2292 1364 2357; baseline -0.002 -14"><span class='ocrx_word' id='word_1_90' title='bbox 414 2295 571 2343; x_wconf 86' lang='lat' dir='ltr'>subditorum</span> <span class='ocrx_word' id='word_1_91' title='bbox 595 2296 716 2344; x_wconf 85' lang='lat' dir='ltr'>fidelitate</span> <span class='ocrx_word' id='word_1_92' title='bbox 740 2295 880 2356; x_wconf 86' lang='lat' dir='ltr'>proveniat,</span> <span class='ocrx_word' id='word_1_93' title='bbox 902 2292 1076 2343; x_wconf 81' lang='lat' dir='ltr'>informatione</span> <span class='ocrx_word' id='word_1_94' title='bbox 1101 2296 1236 2357; x_wconf 84' lang='lat' dir='ltr'>componit,</span> <span class='ocrx_word' id='word_1_95' title='bbox 1261 2309 1294 2343; x_wconf 91' lang='lat' dir='ltr'>ne</span> <span class='ocrx_word' id='word_1_96' title='bbox 1323 2294 1364 2342; x_wconf 84' lang='lat' dir='ltr'>vel</span> 
     </span>
     <span class='ocr_line' id='line_1_17' title="bbox 416 2363 1365 2427; baseline -0.004 -14"><span class='ocrx_word' id='word_1_97' title='bbox 416 2366 481 2413; x_wconf 87' lang='lat' dir='ltr'>situs</span> <span class='ocrx_word' id='word_1_98' title='bbox 499 2378 600 2426; x_wconf 89' lang='lat' dir='ltr'>qnoque</span> <span class='ocrx_word' id='word_1_99' title='bbox 618 2366 709 2426; x_wconf 78' lang='lat' dir='ltr'>patr-ire</span> <span class='ocrx_word' id='word_1_100' title='bbox 728 2365 881 2414; x_wconf 86' lang='lat' dir='ltr'>confidenter</span> <span class='ocrx_word' id='word_1_101' title='bbox 903 2364 1004 2424; x_wconf 90' lang='lat' dir='ltr'>aliquos</span> <span class='ocrx_word' id='word_1_102' title='bbox 1025 2363 1134 2413; x_wconf 80' lang='lat' dir='ltr'>servitus</span> <span class='ocrx_word' id='word_1_103' title='bbox 1154 2364 1365 2427; x_wconf 59' lang='lat' dir='ltr'>adnichilatum</span> 
     </span>
     <span class='ocr_line' id='line_1_18' title="bbox 416 2435 1365 2497; baseline 0 -14"><span class='ocrx_word' id='word_1_104' title='bbox 416 2435 880 2497; x_wconf 84' lang='lat' dir='ltr'>adjuvat,naturaebeneficiieetmaris</span> <span class='ocrx_word' id='word_1_105' title='bbox 903 2435 1029 2495; x_wconf 83' lang='lat' dir='ltr'>impunita</span> <span class='ocrx_word' id='word_1_106' title='bbox 1044 2435 1168 2483; x_wconf 82' lang='lat' dir='ltr'>securitas</span> <span class='ocrx_word' id='word_1_107' title='bbox 1188 2436 1256 2483; x_wconf 88' lang='lat' dir='ltr'>elata</span> <span class='ocrx_word' id='word_1_108' title='bbox 1275 2435 1365 2496; x_wconf 81' lang='lat' dir='ltr'>praeci·</span> 
     </span>
     <span class='ocr_line' id='line_1_19' title="bbox 416 2504 1365 2568; baseline 0 -14"><span class='ocrx_word' id='word_1_109' title='bbox 416 2504 546 2554; x_wconf 83' lang='lat' dir='ltr'>vicinitate</span> <span class='ocrx_word' id='word_1_110' title='bbox 559 2506 704 2567; x_wconf 89' lang='lat' dir='ltr'>conclusus,</span> <span class='ocrx_word' id='word_1_111' title='bbox 713 2509 743 2555; x_wconf 92' lang='lat' dir='ltr'>ut</span> <span class='ocrx_word' id='word_1_112' title='bbox 752 2505 808 2555; x_wconf 88' lang='lat' dir='ltr'>sine</span> <span class='ocrx_word' id='word_1_113' title='bbox 825 2519 881 2568; x_wconf 74' lang='lat' dir='ltr'>gra·</span> <span class='ocrx_word' id='word_1_114' title='bbox 906 2504 979 2568; x_wconf 89' lang='lat' dir='ltr'>pitet,</span> <span class='ocrx_word' id='word_1_115' title='bbox 989 2519 1063 2567; x_wconf 84' lang='lat' dir='ltr'>reges</span> <span class='ocrx_word' id='word_1_116' title='bbox 1074 2519 1175 2566; x_wconf 91' lang='lat' dir='ltr'>quoqne</span> <span class='ocrx_word' id='word_1_117' title='bbox 1186 2506 1231 2567; x_wconf 90' lang='lat' dir='ltr'>qui</span> <span class='ocrx_word' id='word_1_118' title='bbox 1248 2504 1365 2566; x_wconf 87' lang='lat' dir='ltr'>perfunc·</span> 
     </span>
     <span class='ocr_line' id='line_1_20' title="bbox 418 2575 1366 2638; baseline 0.001 -15"><span class='ocrx_word' id='word_1_119' title='bbox 418 2576 484 2624; x_wconf 89' lang='lat' dir='ltr'>tuita</span> <span class='ocrx_word' id='word_1_120' title='bbox 501 2576 658 2625; x_wconf 89' lang='lat' dir='ltr'>dominorum</span> <span class='ocrx_word' id='word_1_121' title='bbox 675 2576 778 2626; x_wconf 85' lang='lat' dir='ltr'>lieentia</span> <span class='ocrx_word' id='word_1_122' title='bbox 794 2576 881 2624; x_wconf 90' lang='lat' dir='ltr'>nullus</span> <span class='ocrx_word' id='word_1_123' title='bbox 905 2575 970 2623; x_wconf 88' lang='lat' dir='ltr'>toria</span> <span class='ocrx_word' id='word_1_124' title='bbox 980 2581 1086 2624; x_wconf 71' lang='lat' dir='ltr'>caeteros</span> <span class='ocrx_word' id='word_1_125' title='bbox 1095 2590 1189 2636; x_wconf 88' lang='lat' dir='ltr'>pompa</span> <span class='ocrx_word' id='word_1_126' title='bbox 1198 2577 1366 2638; x_wconf 83' lang='lat' dir='ltr'>praereniunt,</span> 
     </span>
     <span class='ocr_line' id='line_1_21' title="bbox 419 2645 1366 2708; baseline 0.001 -14"><span class='ocrx_word' id='word_1_127' title='bbox 419 2645 514 2707; x_wconf 83' lang='lat' dir='ltr'>exitus,</span> <span class='ocrx_word' id='word_1_128' title='bbox 530 2645 595 2693; x_wconf 93' lang='lat' dir='ltr'>nulli</span> <span class='ocrx_word' id='word_1_129' title='bbox 613 2647 771 2707; x_wconf 86' lang='lat' dir='ltr'>relinquatur</span> <span class='ocrx_word' id='word_1_130' title='bbox 786 2647 882 2708; x_wconf 78' lang='lat' dir='ltr'>ingres·</span> <span class='ocrx_word' id='word_1_131' title='bbox 904 2659 936 2693; x_wconf 87' lang='lat' dir='ltr'>ne</span> <span class='ocrx_word' id='word_1_132' title='bbox 953 2646 1124 2706; x_wconf 88' lang='lat' dir='ltr'>potentatibus</span> <span class='ocrx_word' id='word_1_133' title='bbox 1139 2647 1301 2708; x_wconf 82' lang='lat' dir='ltr'>insolescant,</span> <span class='ocrx_word' id='word_1_134' title='bbox 1311 2660 1366 2695; x_wconf 88' lang='lat' dir='ltr'>car·</span> 
     </span>
     <span class='ocr_line' id='line_1_22' title="bbox 419 2715 1366 2778; baseline 0 -14"><span class='ocrx_word' id='word_1_135' title='bbox 419 2729 473 2764; x_wconf 86' lang='lat' dir='ltr'>sus.</span> <span class='ocrx_word' id='word_1_136' title='bbox 503 2715 578 2764; x_wconf 87' lang='lat' dir='ltr'>Unde</span> <span class='ocrx_word' id='word_1_137' title='bbox 588 2719 659 2766; x_wconf 87' lang='lat' dir='ltr'>tanta</span> <span class='ocrx_word' id='word_1_138' title='bbox 670 2717 738 2778; x_wconf 77' lang='lat' dir='ltr'>genti</span> <span class='ocrx_word' id='word_1_139' title='bbox 750 2717 883 2777; x_wconf 89' lang='lat' dir='ltr'>securitas,</span> <span class='ocrx_word' id='word_1_140' title='bbox 905 2715 945 2763; x_wconf 90' lang='lat' dir='ltr'>nis</span> <span class='ocrx_word' id='word_1_141' title='bbox 955 2715 1142 2764; x_wconf 86' lang='lat' dir='ltr'>infirmitatibus</span> <span class='ocrx_word' id='word_1_142' title='bbox 1152 2721 1178 2764; x_wconf 90' lang='lat' dir='ltr'>et</span> <span class='ocrx_word' id='word_1_143' title='bbox 1188 2717 1304 2766; x_wconf 85' lang='lat' dir='ltr'>humanis</span> <span class='ocrx_word' id='word_1_144' title='bbox 1321 2716 1366 2764; x_wconf 87' lang='lat' dir='ltr'>ad·</span> 
     </span>
     <span class='ocr_line' id='line_1_23' title="bbox 419 2786 1365 2848; baseline 0.002 -15"><span class='ocrx_word' id='word_1_145' title='bbox 419 2789 491 2834; x_wconf 83' lang='lat' dir='ltr'>tanta</span> <span class='ocrx_word' id='word_1_146' title='bbox 522 2787 644 2835; x_wconf 76' lang='lat' dir='ltr'>bononem</span> <span class='ocrx_word' id='word_1_147' title='bbox 671 2787 781 2835; x_wconf 90' lang='lat' dir='ltr'>omnium</span> <span class='ocrx_word' id='word_1_148' title='bbox 808 2787 883 2846; x_wconf 88' lang='lat' dir='ltr'>copia</span> <span class='ocrx_word' id='word_1_149' title='bbox 906 2786 1008 2834; x_wconf 91' lang='lat' dir='ltr'>modum</span> <span class='ocrx_word' id='word_1_150' title='bbox 1026 2786 1220 2835; x_wconf 84' lang='lat' dir='ltr'>necessitatibus</span> <span class='ocrx_word' id='word_1_151' title='bbox 1237 2787 1365 2848; x_wconf 85' lang='lat' dir='ltr'>expositos</span> 
     </span>
     <span class='ocr_line' id='line_1_24' title="bbox 420 2856 1366 2918; baseline 0.002 -14"><span class='ocrx_word' id='word_1_152' title='bbox 420 2857 553 2918; x_wconf 87' lang='lat' dir='ltr'>successit,</span> <span class='ocrx_word' id='word_1_153' title='bbox 562 2861 601 2917; x_wconf 91' lang='lat' dir='ltr'>ut,</span> <span class='ocrx_word' id='word_1_154' title='bbox 613 2858 635 2906; x_wconf 90' lang='lat' dir='ltr'>si</span> <span class='ocrx_word' id='word_1_155' title='bbox 645 2871 712 2905; x_wconf 85' lang='lat' dir='ltr'>verae</span> <span class='ocrx_word' id='word_1_156' title='bbox 723 2857 828 2905; x_wconf 86' lang='lat' dir='ltr'>rationis</span> <span class='ocrx_word' id='word_1_157' title='bbox 838 2856 881 2905; x_wconf 88' lang='lat' dir='ltr'>ho·</span> <span class='ocrx_word' id='word_1_158' title='bbox 906 2856 964 2904; x_wconf 85' lang='lat' dir='ltr'>atili</span> <span class='ocrx_word' id='word_1_159' title='bbox 991 2857 1093 2916; x_wconf 86' lang='lat' dir='ltr'>penitas</span> <span class='ocrx_word' id='word_1_160' title='bbox 1119 2857 1290 2905; x_wconf 88' lang='lat' dir='ltr'>sollicitudine</span> <span class='ocrx_word' id='word_1_161' title='bbox 1317 2856 1366 2906; x_wconf 91' lang='lat' dir='ltr'>fre·</span> 
     </span>
     <span class='ocr_line' id='line_1_25' title="bbox 420 2925 1366 2989; baseline -0.001 -13"><span class='ocrx_word' id='word_1_162' title='bbox 420 2931 517 2976; x_wconf 71' lang='lat' dir='ltr'>uestme</span> <span class='ocrx_word' id='word_1_163' title='bbox 536 2932 675 2989; x_wconf 82' lang='lat' dir='ltr'>regeretur,</span> <span class='ocrx_word' id='word_1_164' title='bbox 693 2928 775 2975; x_wconf 74' lang='lat' dir='ltr'>atatis</span> <span class='ocrx_word' id='word_1_165' title='bbox 797 2942 882 2976; x_wconf 79' lang='lat' dir='ltr'>aureae</span> <span class='ocrx_word' id='word_1_166' title='bbox 906 2930 1019 2986; x_wconf 87' lang='lat' dir='ltr'>quentat.</span> <span class='ocrx_word' id='word_1_167' title='bbox 1054 2925 1149 2986; x_wconf 77' lang='lat' dir='ltr'>Regem</span> <span class='ocrx_word' id='word_1_168' title='bbox 1160 2927 1255 2988; x_wconf 85' lang='lat' dir='ltr'>quippe</span> <span class='ocrx_word' id='word_1_169' title='bbox 1269 2941 1319 2975; x_wconf 90' lang='lat' dir='ltr'>non</span> <span class='ocrx_word' id='word_1_170' title='bbox 1330 2927 1366 2976; x_wconf 91' lang='lat' dir='ltr'>fa·</span> 
     </span>
     <span class='ocr_line' id='line_1_26' title="bbox 421 2995 1366 3058; baseline 0.005 -16"><span class='ocrx_word' id='word_1_171' title='bbox 421 2995 529 3056; x_wconf 86' lang='lat' dir='ltr'>pristina</span> <span class='ocrx_word' id='word_1_172' title='bbox 562 3002 676 3058; x_wconf 86' lang='lat' dir='ltr'>tempora</span> <span class='ocrx_word' id='word_1_173' title='bbox 710 2997 883 3046; x_wconf 88' lang='lat' dir='ltr'>conformaret.</span> <span class='ocrx_word' id='word_1_174' title='bbox 907 2997 978 3044; x_wconf 88' lang='lat' dir='ltr'>ciunt</span> <span class='ocrx_word' id='word_1_175' title='bbox 987 2996 1059 3057; x_wconf 76' lang='lat' dir='ltr'>vulgi</span> <span class='ocrx_word' id='word_1_176' title='bbox 1076 2995 1109 3043; x_wconf 87' lang='lat' dir='ltr'>de</span> <span class='ocrx_word' id='word_1_177' title='bbox 1123 2995 1237 3045; x_wconf 78' lang='lat' dir='ltr'>fascibus</span> <span class='ocrx_word' id='word_1_178' title='bbox 1250 2996 1366 3048; x_wconf 84' lang='lat' dir='ltr'>fabulosa</span> 
     </span>
     <span class='ocr_line' id='line_1_27' title="bbox 422 3065 1365 3129; baseline 0.004 -17"><span class='ocrx_word' id='word_1_179' title='bbox 422 3065 466 3113; x_wconf 88' lang='lat' dir='ltr'>Set</span> <span class='ocrx_word' id='word_1_180' title='bbox 476 3065 525 3114; x_wconf 88' lang='lat' dir='ltr'>hoc</span> <span class='ocrx_word' id='word_1_181' title='bbox 534 3068 612 3116; x_wconf 88' lang='lat' dir='ltr'>tantis</span> <span class='ocrx_word' id='word_1_182' title='bbox 622 3081 678 3115; x_wconf 89' lang='lat' dir='ltr'>eam</span> <span class='ocrx_word' id='word_1_183' title='bbox 685 3067 884 3126; x_wconf 86' lang='lat' dir='ltr'>promotionibus</span> <span class='ocrx_word' id='word_1_184' title='bbox 907 3071 1056 3128; x_wconf 89' lang='lat' dir='ltr'>commenta,</span> <span class='ocrx_word' id='word_1_185' title='bbox 1071 3067 1112 3114; x_wconf 84' lang='lat' dir='ltr'>rel</span> <span class='ocrx_word' id='word_1_186' title='bbox 1126 3066 1233 3116; x_wconf 87' lang='lat' dir='ltr'>furentis</span> <span class='ocrx_word' id='word_1_187' title='bbox 1249 3067 1365 3129; x_wconf 74' lang='lat' dir='ltr'>insanias,</span> 
     </span>
     <span class='ocr_line' id='line_1_28' title="bbox 422 3135 1367 3199; baseline 0.003 -16"><span class='ocrx_word' id='word_1_188' title='bbox 422 3135 500 3196; x_wconf 89' lang='lat' dir='ltr'>elicit,</span> <span class='ocrx_word' id='word_1_189' title='bbox 511 3136 580 3195; x_wconf 92' lang='lat' dir='ltr'>quod</span> <span class='ocrx_word' id='word_1_190' title='bbox 599 3151 656 3184; x_wconf 89' lang='lat' dir='ltr'>cnm</span> <span class='ocrx_word' id='word_1_191' title='bbox 674 3138 741 3184; x_wconf 90' lang='lat' dir='ltr'>omni</span> <span class='ocrx_word' id='word_1_192' title='bbox 759 3137 885 3185; x_wconf 87' lang='lat' dir='ltr'>forinseca</span> <span class='ocrx_word' id='word_1_193' title='bbox 907 3137 948 3184; x_wconf 82' lang='lat' dir='ltr'>rel</span> <span class='ocrx_word' id='word_1_194' title='bbox 958 3137 1164 3199; x_wconf 75' lang='lat' dir='ltr'>infinitajugera,</span> <span class='ocrx_word' id='word_1_195' title='bbox 1173 3138 1214 3186; x_wconf 88' lang='lat' dir='ltr'>vel</span> <span class='ocrx_word' id='word_1_196' title='bbox 1224 3137 1307 3186; x_wconf 87' lang='lat' dir='ltr'>amica</span> <span class='ocrx_word' id='word_1_197' title='bbox 1318 3153 1367 3199; x_wconf 90' lang='lat' dir='ltr'>pn-</span> 
     </span>
     <span class='ocr_line' id='line_1_29' title="bbox 422 3205 1367 3269; baseline 0.004 -17"><span class='ocrx_word' id='word_1_198' title='bbox 422 3205 609 3266; x_wconf 88' lang='lat' dir='ltr'>perturbatione</span> <span class='ocrx_word' id='word_1_199' title='bbox 636 3207 669 3254; x_wconf 90' lang='lat' dir='ltr'>sit</span> <span class='ocrx_word' id='word_1_200' title='bbox 690 3205 780 3267; x_wconf 90' lang='lat' dir='ltr'>libera,</span> <span class='ocrx_word' id='word_1_201' title='bbox 806 3208 884 3256; x_wconf 80' lang='lat' dir='ltr'>tantis</span> <span class='ocrx_word' id='word_1_202' title='bbox 906 3206 1012 3255; x_wconf 87' lang='lat' dir='ltr'>tredinie</span> <span class='ocrx_word' id='word_1_203' title='bbox 1021 3207 1152 3267; x_wconf 80' lang='lat' dir='ltr'>ingeniosa</span> <span class='ocrx_word' id='word_1_204' title='bbox 1162 3208 1276 3269; x_wconf 87' lang='lat' dir='ltr'>crapula,</span> <span class='ocrx_word' id='word_1_205' title='bbox 1283 3208 1324 3256; x_wconf 87' lang='lat' dir='ltr'>vel</span> <span class='ocrx_word' id='word_1_206' title='bbox 1335 3207 1367 3256; x_wconf 88' lang='lat' dir='ltr'>de</span> 
     </span>
     <span class='ocr_line' id='line_1_30' title="bbox 422 3274 1368 3339; baseline 0.006 -18"><span class='ocrx_word' id='word_1_207' title='bbox 422 3274 573 3334; x_wconf 75' lang='lat' dir='ltr'>gaudiorum</span> <span class='ocrx_word' id='word_1_208' title='bbox 593 3274 766 3336; x_wconf 83' lang='lat' dir='ltr'>voluptatibus</span> <span class='ocrx_word' id='word_1_209' title='bbox 792 3277 883 3326; x_wconf 81' lang='lat' dir='ltr'>eveha-</span> <span class='ocrx_word' id='word_1_210' title='bbox 906 3275 1023 3325; x_wconf 88' lang='lat' dir='ltr'>lamentis</span> <span class='ocrx_word' id='word_1_211' title='bbox 1033 3291 1174 3337; x_wconf 87' lang='lat' dir='ltr'>pauperum</span> <span class='ocrx_word' id='word_1_212' title='bbox 1186 3278 1307 3327; x_wconf 81' lang='lat' dir='ltr'>convulsa</span> <span class='ocrx_word' id='word_1_213' title='bbox 1323 3292 1368 3339; x_wconf 88' lang='lat' dir='ltr'>pe·</span> 
     </span>
     <span class='ocr_line' id='line_1_31' title="bbox 421 3345 1368 3409; baseline 0.006 -18"><span class='ocrx_word' id='word_1_214' title='bbox 421 3349 473 3405; x_wconf 89' lang='lat' dir='ltr'>tur,</span> <span class='ocrx_word' id='word_1_215' title='bbox 490 3345 557 3392; x_wconf 87' lang='lat' dir='ltr'>sicut</span> <span class='ocrx_word' id='word_1_216' title='bbox 577 3345 721 3394; x_wconf 87' lang='lat' dir='ltr'>miseranda</span> <span class='ocrx_word' id='word_1_217' title='bbox 740 3348 884 3405; x_wconf 78' lang='lat' dir='ltr'>mortalium</span> <span class='ocrx_word' id='word_1_218' title='bbox 907 3347 991 3394; x_wconf 86' lang='lat' dir='ltr'>cunia.</span> <span class='ocrx_word' id='word_1_219' title='bbox 1015 3349 1111 3409; x_wconf 75' lang='lat' dir='ltr'>Regem</span> <span class='ocrx_word' id='word_1_220' title='bbox 1121 3362 1171 3395; x_wconf 92' lang='lat' dir='ltr'>non</span> <span class='ocrx_word' id='word_1_221' title='bbox 1181 3347 1368 3396; x_wconf 83' lang='lat' dir='ltr'>faciuntrestes</span> 
     </span>
     <span class='ocr_line' id='line_1_32' title="bbox 423 3413 1367 3480; baseline 0.004 -18"><span class='ocrx_word' id='word_1_222' title='bbox 423 3413 533 3462; x_wconf 90' lang='lat' dir='ltr'>conditio</span> <span class='ocrx_word' id='word_1_223' title='bbox 541 3419 589 3477; x_wconf 90' lang='lat' dir='ltr'>est,</span> <span class='ocrx_word' id='word_1_224' title='bbox 596 3415 662 3464; x_wconf 88' lang='lat' dir='ltr'>malo</span> <span class='ocrx_word' id='word_1_225' title='bbox 674 3416 771 3465; x_wconf 89' lang='lat' dir='ltr'>scilicet</span> <span class='ocrx_word' id='word_1_226' title='bbox 778 3417 883 3467; x_wconf 88' lang='lat' dir='ltr'>acclinis</span> <span class='ocrx_word' id='word_1_227' title='bbox 907 3415 1003 3477; x_wconf 76' lang='lat' dir='ltr'>&#39;1¹yriae,</span> <span class='ocrx_word' id='word_1_228' title='bbox 1023 3431 1073 3465; x_wconf 90' lang='lat' dir='ltr'>non</span> <span class='ocrx_word' id='word_1_229' title='bbox 1091 3431 1154 3465; x_wconf 88' lang='lat' dir='ltr'>auro</span> <span class='ocrx_word' id='word_1_230' title='bbox 1168 3417 1256 3466; x_wconf 86' lang='lat' dir='ltr'>nitidae</span> <span class='ocrx_word' id='word_1_231' title='bbox 1272 3420 1367 3480; x_wconf 86' lang='lat' dir='ltr'>trabes,</span> 
     </span>
     <span class='ocr_line' id='line_1_33' title="bbox 422 3483 1365 3549; baseline 0.007 -18"><span class='ocrx_word' id='word_1_232' title='bbox 422 3487 448 3531; x_wconf 85' lang='lat' dir='ltr'>et</span> <span class='ocrx_word' id='word_1_233' title='bbox 467 3483 551 3545; x_wconf 88' lang='lat' dir='ltr'>lapsui</span> <span class='ocrx_word' id='word_1_234' title='bbox 568 3499 656 3547; x_wconf 86' lang='lat' dir='ltr'>prona,</span> <span class='ocrx_word' id='word_1_235' title='bbox 666 3485 792 3535; x_wconf 87' lang='lat' dir='ltr'>intestinis</span> <span class='ocrx_word' id='word_1_236' title='bbox 806 3488 883 3536; x_wconf 87' lang='lat' dir='ltr'>animi</span> <span class='ocrx_word' id='word_1_237' title='bbox 907 3500 956 3533; x_wconf 90' lang='lat' dir='ltr'>non</span> <span class='ocrx_word' id='word_1_238' title='bbox 974 3486 1042 3534; x_wconf 89' lang='lat' dir='ltr'>color</span> <span class='ocrx_word' id='word_1_239' title='bbox 1056 3487 1145 3536; x_wconf 71' lang='lat' dir='ltr'>stantis</span> <span class='ocrx_word' id='word_1_240' title='bbox 1159 3489 1200 3536; x_wconf 82' lang='lat' dir='ltr'>rel</span> <span class='ocrx_word' id='word_1_241' title='bbox 1210 3491 1270 3535; x_wconf 83' lang='lat' dir='ltr'>rota</span> <span class='ocrx_word' id='word_1_242' title='bbox 1285 3488 1365 3549; x_wconf 77' lang='lat' dir='ltr'>regia.</span> 
     </span>
     <span class='ocr_line' id='line_1_34' title="bbox 425 3553 1367 3618; baseline 0.005 -16"><span class='ocrx_word' id='word_1_243' title='bbox 425 3553 884 3605; x_wconf 85' lang='lat' dir='ltr'>seditionibusetcaeconovorummo·</span> <span class='ocrx_word' id='word_1_244' title='bbox 907 3555 958 3604; x_wconf 86' lang='lat' dir='ltr'>Sed</span> <span class='ocrx_word' id='word_1_245' title='bbox 980 3571 1025 3604; x_wconf 88' lang='lat' dir='ltr'>rex</span> <span class='ocrx_word' id='word_1_246' title='bbox 1046 3562 1085 3605; x_wconf 89' lang='lat' dir='ltr'>est</span> <span class='ocrx_word' id='word_1_247' title='bbox 1107 3558 1152 3618; x_wconf 90' lang='lat' dir='ltr'>qui</span> <span class='ocrx_word' id='word_1_248' title='bbox 1173 3558 1259 3618; x_wconf 90' lang='lat' dir='ltr'>posuit</span> <span class='ocrx_word' id='word_1_249' title='bbox 1284 3563 1367 3607; x_wconf 88' lang='lat' dir='ltr'>metus</span> 
     </span>
     <span class='ocr_line' id='line_1_35' title="bbox 422 3623 1367 3688; baseline 0.006 -17"><span class='ocrx_word' id='word_1_250' title='bbox 422 3623 508 3672; x_wconf 89' lang='lat' dir='ltr'>limine</span> <span class='ocrx_word' id='word_1_251' title='bbox 517 3638 615 3686; x_wconf 90' lang='lat' dir='ltr'>semper</span> <span class='ocrx_word' id='word_1_252' title='bbox 624 3625 753 3674; x_wconf 87' lang='lat' dir='ltr'>infrendit.</span> <span class='ocrx_word' id='word_1_253' title='bbox 787 3627 882 3676; x_wconf 89' lang='lat' dir='ltr'>Hinca</span> <span class='ocrx_word' id='word_1_254' title='bbox 907 3630 933 3673; x_wconf 91' lang='lat' dir='ltr'>et</span> <span class='ocrx_word' id='word_1_255' title='bbox 943 3625 993 3673; x_wconf 90' lang='lat' dir='ltr'>diri</span> <span class='ocrx_word' id='word_1_256' title='bbox 1009 3627 1077 3674; x_wconf 83' lang='lat' dir='ltr'>mala</span> <span class='ocrx_word' id='word_1_257' title='bbox 1093 3627 1212 3688; x_wconf 88' lang='lat' dir='ltr'>pectoris,</span> <span class='ocrx_word' id='word_1_258' title='bbox 1226 3642 1300 3688; x_wconf 84' lang='lat' dir='ltr'>quem</span> <span class='ocrx_word' id='word_1_259' title='bbox 1318 3643 1367 3677; x_wconf 89' lang='lat' dir='ltr'>uon</span> 
     </span>
     <span class='ocr_line' id='line_1_36' title="bbox 423 3693 1367 3758; baseline 0.006 -17"><span class='ocrx_word' id='word_1_260' title='bbox 423 3693 544 3753; x_wconf 84' lang='lat' dir='ltr'>primaevo</span> <span class='ocrx_word' id='word_1_261' title='bbox 560 3695 648 3743; x_wconf 91' lang='lat' dir='ltr'>mundi</span> <span class='ocrx_word' id='word_1_262' title='bbox 666 3695 793 3744; x_wconf 78' lang='lat' dir='ltr'>nascentis</span> <span class='ocrx_word' id='word_1_263' title='bbox 811 3711 884 3747; x_wconf 86' lang='lat' dir='ltr'>exor-</span> <span class='ocrx_word' id='word_1_264' title='bbox 908 3696 1011 3744; x_wconf 82' lang='lat' dir='ltr'>ambitio</span> <span class='ocrx_word' id='word_1_265' title='bbox 1036 3697 1160 3758; x_wconf 89' lang='lat' dir='ltr'>impotens</span> <span class='ocrx_word' id='word_1_266' title='bbox 1186 3702 1212 3745; x_wconf 89' lang='lat' dir='ltr'>et</span> <span class='ocrx_word' id='word_1_267' title='bbox 1237 3713 1367 3758; x_wconf 82' lang='lat' dir='ltr'>nunquam</span> 
     </span>
     <span class='ocr_line' id='line_1_37' title="bbox 422 3762 1367 3829; baseline 0.006 -19"><span class='ocrx_word' id='word_1_268' title='bbox 422 3762 476 3824; x_wconf 88' lang='lat' dir='ltr'>dio,</span> <span class='ocrx_word' id='word_1_269' title='bbox 496 3778 560 3824; x_wconf 90' lang='lat' dir='ltr'>quos</span> <span class='ocrx_word' id='word_1_270' title='bbox 580 3779 664 3813; x_wconf 88' lang='lat' dir='ltr'>rerum</span> <span class='ocrx_word' id='word_1_271' title='bbox 686 3765 759 3813; x_wconf 88' lang='lat' dir='ltr'>Deus</span> <span class='ocrx_word' id='word_1_272' title='bbox 784 3766 884 3814; x_wconf 80' lang='lat' dir='ltr'>Artifex</span> <span class='ocrx_word' id='word_1_273' title='bbox 908 3766 1007 3814; x_wconf 88' lang='lat' dir='ltr'>stabilis</span> <span class='ocrx_word' id='word_1_274' title='bbox 1036 3766 1108 3815; x_wconf 88' lang='lat' dir='ltr'>favor</span> <span class='ocrx_word' id='word_1_275' title='bbox 1129 3766 1200 3828; x_wconf 75' lang='lat' dir='ltr'>vulgi</span> <span class='ocrx_word' id='word_1_276' title='bbox 1226 3769 1367 3829; x_wconf 78' lang='lat' dir='ltr'>praecipitis</span> 
     </span>
     <span class='ocr_line' id='line_1_38' title="bbox 425 3834 1367 3898; baseline 0.007 -18"><span class='ocrx_word' id='word_1_277' title='bbox 425 3834 885 3896; x_wconf 68' lang='lat' dir='ltr'>aqualibertateditaverst,in0bedi-</span> <span class='ocrx_word' id='word_1_278' title='bbox 907 3839 998 3884; x_wconf 87' lang='lat' dir='ltr'>movet.</span> <span class='ocrx_word' id='word_1_279' title='bbox 1033 3836 1090 3884; x_wconf 87' lang='lat' dir='ltr'>Rex</span> <span class='ocrx_word' id='word_1_280' title='bbox 1100 3840 1139 3885; x_wconf 86' lang='lat' dir='ltr'>est</span> <span class='ocrx_word' id='word_1_281' title='bbox 1149 3837 1293 3897; x_wconf 81' lang='lat' dir='ltr'>quisediri</span> <span class='ocrx_word' id='word_1_282' title='bbox 1309 3853 1367 3898; x_wconf 88' lang='lat' dir='ltr'>pee-</span> 
     </span>
     <span class='ocr_line' id='line_1_39' title="bbox 423 3904 1367 3969; baseline 0.006 -19"><span class='ocrx_word' id='word_1_283' title='bbox 423 3904 499 3952; x_wconf 86' lang='lat' dir='ltr'>sntiae</span> <span class='ocrx_word' id='word_1_284' title='bbox 515 3907 599 3952; x_wconf 88' lang='lat' dir='ltr'>motus</span> <span class='ocrx_word' id='word_1_285' title='bbox 614 3904 791 3954; x_wconf 86' lang='lat' dir='ltr'>inflammantis</span> <span class='ocrx_word' id='word_1_286' title='bbox 800 3907 884 3967; x_wconf 81' lang='lat' dir='ltr'>eJecit.</span> <span class='ocrx_word' id='word_1_287' title='bbox 907 3906 968 3952; x_wconf 87' lang='lat' dir='ltr'>toris</span> <span class='ocrx_word' id='word_1_288' title='bbox 978 3904 1109 3955; x_wconf 86' lang='lat' dir='ltr'>faetoribus</span> <span class='ocrx_word' id='word_1_289' title='bbox 1125 3911 1241 3969; x_wconf 87' lang='lat' dir='ltr'>evacuat,</span> <span class='ocrx_word' id='word_1_290' title='bbox 1252 3912 1278 3955; x_wconf 92' lang='lat' dir='ltr'>et</span> <span class='ocrx_word' id='word_1_291' title='bbox 1293 3909 1367 3969; x_wconf 89' lang='lat' dir='ltr'>prod·</span> 
     </span>
     <span class='ocr_line' id='line_1_40' title="bbox 423 3972 1368 4042; baseline 0.006 -22"><span class='ocrx_word' id='word_1_292' title='bbox 423 3972 458 4020; x_wconf 90' lang='lat' dir='ltr'>Et</span> <span class='ocrx_word' id='word_1_293' title='bbox 469 3973 514 4033; x_wconf 92' lang='lat' dir='ltr'>qui</span> <span class='ocrx_word' id='word_1_294' title='bbox 529 3973 589 4021; x_wconf 87' lang='lat' dir='ltr'>coeli</span> <span class='ocrx_word' id='word_1_295' title='bbox 605 3973 741 4022; x_wconf 89' lang='lat' dir='ltr'>Dominum</span> <span class='ocrx_word' id='word_1_296' title='bbox 753 3975 818 4024; x_wconf 86' lang='lat' dir='ltr'>ferre</span> <span class='ocrx_word' id='word_1_297' title='bbox 834 3990 884 4024; x_wconf 90' lang='lat' dir='ltr'>non</span> <span class='ocrx_word' id='word_1_298' title='bbox 908 3987 963 4023; x_wconf 91' lang='lat' dir='ltr'>esse</span> <span class='ocrx_word' id='word_1_299' title='bbox 985 3975 1094 4036; x_wconf 75' lang='lat' dir='ltr'>singulis</span> <span class='ocrx_word' id='word_1_300' title='bbox 1111 3977 1226 4024; x_wconf 90' lang='lat' dir='ltr'>sollerter</span> <span class='ocrx_word' id='word_1_301' title='bbox 1241 3978 1368 4042; x_wconf 78' lang='lat' dir='ltr'>invigilat,</span> 
     </span>
     <span class='ocr_line' id='line_1_41' title="bbox 422 4042 1368 4111; baseline 0.007 -21"><span class='ocrx_word' id='word_1_302' title='bbox 422 4047 548 4104; x_wconf 87' lang='lat' dir='ltr'>poterant,</span> <span class='ocrx_word' id='word_1_303' title='bbox 556 4042 685 4091; x_wconf 91' lang='lat' dir='ltr'>hominum</span> <span class='ocrx_word' id='word_1_304' title='bbox 695 4045 809 4094; x_wconf 82' lang='lat' dir='ltr'>serviunt</span> <span class='ocrx_word' id='word_1_305' title='bbox 822 4059 883 4106; x_wconf 86' lang='lat' dir='ltr'>pra-</span> <span class='ocrx_word' id='word_1_306' title='bbox 907 4044 996 4104; x_wconf 85' lang='lat' dir='ltr'>quales</span> <span class='ocrx_word' id='word_1_307' title='bbox 1006 4060 1088 4106; x_wconf 90' lang='lat' dir='ltr'>nuper</span> <span class='ocrx_word' id='word_1_308' title='bbox 1097 4046 1131 4094; x_wconf 87' lang='lat' dir='ltr'>ad</span> <span class='ocrx_word' id='word_1_309' title='bbox 1141 4045 1270 4107; x_wconf 75' lang='lat' dir='ltr'>fastigium</span> <span class='ocrx_word' id='word_1_310' title='bbox 1289 4047 1368 4111; x_wconf 90' lang='lat' dir='ltr'>hujus</span> 
     </span>
     <span class='ocr_line' id='line_1_42' title="bbox 422 4113 1371 4182; baseline 0.011 -24"><span class='ocrx_word' id='word_1_311' title='bbox 422 4113 501 4161; x_wconf 86' lang='lat' dir='ltr'>vitate</span> <span class='ocrx_word' id='word_1_312' title='bbox 522 4113 644 4174; x_wconf 90' lang='lat' dir='ltr'>distincti,</span> <span class='ocrx_word' id='word_1_313' title='bbox 660 4114 786 4163; x_wconf 89' lang='lat' dir='ltr'>continuis</span> <span class='ocrx_word' id='word_1_314' title='bbox 806 4116 885 4163; x_wconf 86' lang='lat' dir='ltr'>malo·</span> <span class='ocrx_word' id='word_1_315' title='bbox 907 4114 1025 4164; x_wconf 89' lang='lat' dir='ltr'>culminis</span> <span class='ocrx_word' id='word_1_316' title='bbox 1042 4130 1092 4164; x_wconf 90' lang='lat' dir='ltr'>non</span> <span class='ocrx_word' id='word_1_317' title='bbox 1110 4117 1213 4165; x_wconf 89' lang='lat' dir='ltr'>ambitio</span> <span class='ocrx_word' id='word_1_318' title='bbox 1229 4117 1371 4182; x_wconf 83' lang='lat' dir='ltr'>popularis,</span> 
     </span>
     <span class='ocr_line' id='line_1_43' title="bbox 329 4183 1368 4245; baseline 0.008 -16"><span class='ocrx_word' id='word_1_319' title='bbox 329 4201 332 4208; x_wconf 92' lang='lat'>·</span> <span class='ocrx_word' id='word_1_320' title='bbox 421 4195 478 4230; x_wconf 88' lang='lat' dir='ltr'>rum</span> <span class='ocrx_word' id='word_1_321' title='bbox 489 4183 715 4242; x_wconf 86' lang='lat' dir='ltr'>persecutionibus,</span> <span class='ocrx_word' id='word_1_322' title='bbox 725 4185 752 4231; x_wconf 92' lang='lat' dir='ltr'>in</span> <span class='ocrx_word' id='word_1_323' title='bbox 759 4185 885 4234; x_wconf 86' lang='lat' dir='ltr'>deteriora</span> <span class='ocrx_word' id='word_1_324' title='bbox 908 4185 953 4233; x_wconf 86' lang='lat' dir='ltr'>sed</span> <span class='ocrx_word' id='word_1_325' title='bbox 975 4191 1089 4245; x_wconf 85' lang='lat' dir='ltr'>spectata</span> <span class='ocrx_word' id='word_1_326' title='bbox 1104 4187 1170 4235; x_wconf 88' lang='lat' dir='ltr'>inter</span> <span class='ocrx_word' id='word_1_327' title='bbox 1187 4187 1264 4235; x_wconf 90' lang='lat' dir='ltr'>bonos</span> <span class='ocrx_word' id='word_1_328' title='bbox 1280 4189 1368 4237; x_wconf 91' lang='lat' dir='ltr'>mode-</span> 
     </span>
     <span class='ocr_line' id='line_1_44' title="bbox 423 4254 1369 4316; baseline 0.008 -17"><span class='ocrx_word' id='word_1_329' title='bbox 423 4266 533 4313; x_wconf 84' lang='lat' dir='ltr'>quaequc</span> <span class='ocrx_word' id='word_1_330' title='bbox 554 4254 669 4314; x_wconf 80' lang='lat' dir='ltr'>projecti.</span> <span class='ocrx_word' id='word_1_331' title='bbox 706 4254 739 4302; x_wconf 88' lang='lat' dir='ltr'>Et</span> <span class='ocrx_word' id='word_1_332' title='bbox 759 4255 821 4304; x_wconf 89' lang='lat' dir='ltr'>licet</span> <span class='ocrx_word' id='word_1_333' title='bbox 839 4256 886 4303; x_wconf 89' lang='lat' dir='ltr'>im·</span> <span class='ocrx_word' id='word_1_334' title='bbox 907 4255 981 4316; x_wconf 90' lang='lat' dir='ltr'>ratio,</span> <span class='ocrx_word' id='word_1_335' title='bbox 1002 4256 1125 4315; x_wconf 83' lang='lat' dir='ltr'>prorexit.</span> <span class='ocrx_word' id='word_1_336' title='bbox 1161 4256 1315 4305; x_wconf 82' lang='lat' dir='ltr'>Necessarie</span> <span class='ocrx_word' id='word_1_337' title='bbox 1334 4259 1369 4307; x_wconf 92' lang='lat' dir='ltr'>si·</span> 
     </span>
     <span class='ocr_line' id='line_1_45' title="bbox 422 4322 1370 4392; baseline 0.009 -23"><span class='ocrx_word' id='word_1_338' title='bbox 422 4322 523 4371; x_wconf 88' lang='lat' dir='ltr'>meritos</span> <span class='ocrx_word' id='word_1_339' title='bbox 545 4323 632 4372; x_wconf 75' lang='lat' dir='ltr'>divina</span> <span class='ocrx_word' id='word_1_340' title='bbox 652 4328 735 4372; x_wconf 87' lang='lat' dir='ltr'>tamen</span> <span class='ocrx_word' id='word_1_341' title='bbox 757 4326 885 4375; x_wconf 86' lang='lat' dir='ltr'>miseratio</span> <span class='ocrx_word' id='word_1_342' title='bbox 908 4325 1009 4386; x_wconf 89' lang='lat' dir='ltr'>quidem</span> <span class='ocrx_word' id='word_1_343' title='bbox 1021 4331 1060 4375; x_wconf 88' lang='lat' dir='ltr'>est</span> <span class='ocrx_word' id='word_1_344' title='bbox 1069 4326 1236 4375; x_wconf 88' lang='lat' dir='ltr'>mansuetudo</span> <span class='ocrx_word' id='word_1_345' title='bbox 1246 4327 1370 4392; x_wconf 73' lang='lat' dir='ltr'>praelatis,</span> 
     </span>
    </p>
   </div>
   <div class='ocr_carea' id='block_1_6' title="bbox 0 0 1575 5050">
    <p class='ocr_par' dir='ltr' id='par_1_6' title="bbox 0 0 1575 5050">
     <span class='ocr_line' id='line_1_46' title="bbox 0 0 1575 5050; baseline 0 0"><span class='ocrx_word' id='word_1_346' title='bbox 0 0 1575 5050; x_wconf 95' lang='lat' dir='ltr'> </span> 
     </span>
    </p>
   </div>
  </div>
 </body>
</html>
