3100 5050
271 1283 326 1345 nn'
337 1306 395 1346 rosa.

275 1905 330 1947 Ad).
341 1906 398 1945 1088.

431 503 497 568 llo
647 517 762 568 cnara
784 516 912 566 nncuu
936 514 1149 566 sucronuu.
1223 499 1309 584 [nra.
1328 517 1385 566 ur.

432 695 479 742 ex
503 681 604 760 parte
629 675 868 759 apostolorum
892 673 1047 754 miserat,
1075 674 1246 741 bellorum
1266 677 1385 760 frago-

432 777 528 842 ribus
553 775 706 859 undique
732 776 953 842 conflictatus
969 784 1043 843 est:
1067 777 1129 841 sed
1150 777 1222 857 ille,
1248 797 1386 862 semper

433 877 589 944 adversis
615 877 785 960 superior,
809 885 846 943 et
870 878 968 942 illum
983 884 1027 942 ‘et
1053 884 1199 944 caeteros
1229 880 1386 963 improbe

433 984 657 1062 assurgentes
688 978 830 1043 tandem
862 977 1047 1063 oppressit.
1099 975 1283 1044 Postremo
1315 999 1386 1044 non

433 1080 582 1145 aliorum
598 1080 743 1163 impetu,
755 1080 816 1143 sed
833 1079 1024 1144 domestico
1034 1073 1109 1143 ¹lilii
1123 1077 1204 1144 odio
1219 1086 1386 1145 extrusus

433 1180 590 1264 imperio,
607 1181 838 1245 miserabilem
848 1181 931 1246 vitae
942 1180 1128 1245 terminum
1144 1179 1278 1245 babuit.
1300 1180 1387 1247 Suc·

434 1282 541 1346 cessit
569 1280 812 1347 Hildebrando
839 1280 1053 1358 Desiderins,
1082 1279 1208 1346 Victor
1232 1281 1388 1365 appella·

435 1390 516 1462 tus3
540 1381 601 1446 sed
627 1381 671 1445 ad
696 1382 844 1465 primam
866 1383 1021 1460 missam,
1039 1380 1208 1446 incertum
1229 1402 1298 1466 quo
1317 1383 1388 1447 dis·

436 1483 592 1561 crimina,
616 1483 741 1548 cecidit
768 1482 1002 1560 exanimatus,
1026 1480 1136 1546 calice
1168 1481 1216 1570 (si
1244 1483 1388 1566 dignum

435 1591 490 1649 cst
514 1579 670 1667 credere)
696 1601 831 1648 veneno
858 1583 1000 1648 infecto.
1052 1571 1153 1648 Tunc
1177 1585 1214 1648 in
1231 1582 1389 1649 Odonem

436 1685 626 1750 declinavit
659 1684 804 1749 electio:
837 1685 869 1749 is
897 1684 1039 1749 natione
1073 1682 1210 1762 Gallus,
1239 1685 1389 1768 primum

437 1785 620 1850 Remensis
638 1784 913 1864 archidiaconus,
924 1784 1004 1849 inde
1018 1785 1115 1869 prior
1122 1778 1389 1864 ²Gluniacensis,

437 1905 521 1950 mox
537 1886 720 1969 episcopus
737 1885 890 1962 Hostiae,
912 1885 1036 1951 ultimo
1058 1903 1152 1970 papa
1167 1886 1304 1966 Romae,
1319 1887 1389 1952 Ur·

436 1987 548 2052 banus
560 1993 707 2052 vocatus
721 1993 787 2051 est.

274 2101 419 2146 cumaea
488 2087 607 2172 5267.
636 2087 822 2151 Hactenus
851 2083 1104 2169 circumvagari
1134 2087 1281 2166 licuerit,
1306 2086 1390 2152 dum

275 2157 376 2198 william.

437 2190 619 2254 occasione
642 2194 820 2272 gestorum
836 2185 1006 2250 Willelmi
1025 2187 1185 2271 qnaedam
1209 2207 1390 2254 succurre-

437 2291 525 2355 bant
550 2309 629 2374 quae
656 2286 957 2373 praetermittenda
985 2306 1055 2352 non
1082 2289 1269 2371 putabam:
1297 2309 1391 2354 nnnc

438 2390 642 2455 familiarem
657 2389 734 2474 ejus
752 2389 873 2464 vitam,
890 2394 926 2452 et
942 2407 1055 2452 mores
1071 2389 1265 2467 interiores,
1279 2389 1392 2454 lector

439 2492 501 2577 qni
517 2490 611 2557 volet
625 2490 754 2556 audiet.
795 2487 972 2574 Inprimis,
988 2481 1070 2554 ³Dei
1084 2489 1223 2554 famulis
1238 2489 1392 2570 humilis,

440 2594 606 2678 subjectis
634 2591 758 2670 facilis,
792 2592 829 2654 in
867 2590 1013 2655 rebelles
1045 2590 1269 2656 inexorabilis
1302 2599 1391 2657 crat.

442 2694 662 2777 Religionem
679 2692 927 2769 Christianam,
945 2698 1113 2775 quantum
1135 2691 1300 2757 secularis
1312 2684 1395 2775 *po-

442 2801 545 2872 tcrnt,
569 2796 622 2860 ita
652 2793 908 2878 frequentabat,
939 2799 980 2857 nt
1004 2792 1160 2876 qnotidie
1189 2794 1305 2857 missae
1336 2812 1394 2858 as·

441 2896 592 2973 sisteret,
606 2890 780 2979 ⁵quotidie
797 2894 1015 2977 vespertinos
1035 2900 1071 2958 et
1083 2894 1274 2958 matutinos
1295 2894 1396 2977 lrym-

443 3016 506 3060 nos
524 2995 670 3060 audiret.
724 2995 953 3072 Monasteria,
970 3012 1077 3058 unum
1093 2995 1130 3058 in
1146 2992 1289 3077 Anglia,
1306 2996 1395 3059 alte·

443 3116 519 3160 rum
534 3097 571 3161 in
590 3094 822 3174 Normannia,
839 3095 1048 3160 construxit.
1100 3089 1397 3162 Primum⁶Gado-

478 3360 487 3395 ¹
501 3360 590 3435 Fuit]
603 3364 637 3418 A.
651 3368 681 3417 C.
693 3367 729 3417 D.
741 3368 774 3418 Ε.
785 3365 817 3416 1..
826 3382 834 3429 ;
844 3366 907 3416 lilio-
932 3368 983 3414 turn
991 3363 1081 3415 fuisse.
1097 3364 1397 3427 Csdomensibnssericsa

443 3448 509 3499 rum,
521 3436 550 3487 S.
932 3435 1009 3484 trium
1030 3433 1134 3494 durum,
1158 3436 1187 3483 id
1208 3441 1247 3485 est
1268 3438 1397 3490 nundinas

477 3502 489 3535 ²
510 3504 698 3571 cluniacensia]
720 3507 754 3559 Δ.
772 3508 803 3558 S.
822 3508 853 3559 G.
871 3509 907 3558 D.
932 3506 1074 3568 triduanas,
1095 3507 1220 3555 concessit
1240 3508 1397 3561 Willielmns

445 3576 469 3625 Ε
479 3580 502 3627 1.
515 3577 564 3638 L.;
581 3578 762 3641 Duuiacensis,
772 3579 798 3627 E
806 3582 831 3628 2.
933 3575 1108 3638 Conquaestor,
1119 3580 1149 3624 ut
1166 3578 1264 3638 patebit
1279 3578 1346 3629 inira
1362 3596 1397 3631 ex

479 3658 490 3689 a
502 3662 574 3726 Det]
592 3662 626 3714 A·
639 3664 668 3715 S·
680 3665 716 3715 D·
727 3665 761 3715 E·
773 3664 822 3727 [ἢ
836 3662 908 3713 omit,
932 3646 1047 3709 eiusdem
1057 3645 1167 3695 litteris!
1182 3646 1263 3713 (Note
1273 3648 1300 3697 in
1311 3650 1397 3714 Bonq.

443 3731 486 3780 ted
498 3733 524 3781 in
537 3735 567 3782 ο,
934 3729 972 3766 xr.
990 3732 1018 3778 p.
1039 3712 1108 3778 168.)
1143 3716 1197 3766 The
1217 3718 1300 3781 abbey
1315 3721 1344 3769 ot
1358 3724 1398 3773 St.

479 3816 629 3901 corn
652 3816 686 3871 A·
705 3821 735 3873 ⁸·
751 3821 787 3873 1>-
806 3822 839 3871 Ε·
858 3820 908 3884 2³
933 3786 1398 3918 praeclusimus:

443 3892 577 4003 mtemae'.
586 3892 616 3942 C·
879 3979 885 3991 ,
933 3926 954 3975 it
961 3940 1016 3976 was
1027 3894 1397 3997 dedicatedisnote'rccurately

498 3977 640 4057 ¹laudubo]
654 3978 808 4031 010166·
818 3993 826 4040 r
837 3983 909 4029 omn-
933 3996 1041 4047 known:
1056 4011 1125 4045 some
1143 3998 1178 4046 ax
1195 3999 1238 4049 ne
1252 4000 1399 4055 amomon

441 4045 484 4095 ted
496 4062 523 4095 ru
534 4046 568 4096 A.
580 4047 609 4097 S.
932 4067 959 4115 in
971 4071 1045 4130 1⁰78,
1057 4068 1141 4117 others
1160 4069 1186 4116 in
1197 4072 1273 4132 1081,
1286 4074 1336 4122 and
1349 4075 1400 4125 Or·

480 4128 491 4160 ⁶
503 4133 637 4198 encomia]
649 4134 749 4196 ‘Vulgo
761 4134 841 4186 Oeen.
864 4135 909 4184 Bi·
933 4138 1003 4187 derio
1013 4139 1040 4187 in
1052 4141 1124 4187 1077.
1159 4139 1241 4189 'l'lrere
1251 4156 1316 4206 was,
1328 4144 1401 4196 horr·

369 4236 371 4241 .
443 4202 529 4252 dicule
551 4204 630 4266 igitur
653 4204 735 4253 Britto
758 4210 783 4254 et
805 4206 908 4268 qnidam
933 4221 1029 4273 ever,a
1043 4207 1191 4259 foundation
1201 4210 1302 4263 charter
1313 4224 1402 4278 grant-

443 4274 490 4323 alii
512 4278 613 4336 putant,
632 4272 771 4325 cadomum
791 4276 849 4326 Caii
864 4278 909 4327 do·
932 4278 965 4328 ed
983 4281 1165 4342 subsequently
1179 4285 1205 4329 to
1224 4284 1298 4346 1066,
1314 4286 1354 4337 lor
1370 4289 1400 4340 in

445 4357 513 4392 mum
532 4358 549 4393 a
568 4344 632 4395 Caio
642 4346 715 4397 lulio
731 4347 836 4398 Caesare
854 4348 909 4397 dic·
932 4350 953 4399 it
962 4351 1075 4401 William
1087 4351 1166 4412 styles
1176 4350 1280 4404 himself
1287 4356 1361 4422 king.
