3100 5050
74 532 81 544 ,
155 492 227 542 nic.
244 479 286 560 1.]
442 496 617 545 ntsroiun
643 498 818 546 novenni.
1044 485 1110 550 709

159 672 244 717 ones
266 653 302 719 in
327 674 433 720 manu
451 649 507 722 ¹et
528 657 687 722 custodia
711 657 915 723 clericorum
933 665 969 722 et
983 661 1108 742 probo·

159 773 238 818 rum
264 755 441 820 hominum
467 757 622 842 ejusdem
650 758 805 824 ecelesiae
820 750 1108 838 committantur,

159 855 271 920 donec
284 863 406 940 pastor
419 859 583 923 canonice
598 858 841 924 substituatur.
895 858 1024 925 Omnes
1047 881 1108 926 ex-

160 956 328 1035 actiones,
356 964 392 1023 et
418 958 717 1041 meschenningas,
747 966 783 1025 et
807 959 1008 1044 injustitias,
1035 962 1109 1027 sive

159 1057 459 1139 per'vicecomites
475 1061 533 1125 vel
559 1078 623 1143 per
645 1060 733 1125 alios
750 1060 924 1144 quoslibet
945 1062 1034 1127 male
1056 1063 1109 1126 in-

159 1156 296 1237 ductas,
315 1158 471 1225 funditus
492 1158 642 1244 extirpo.
695 1161 815 1226 Bonas
833 1160 940 1243 leges
958 1169 993 1227 et
1016 1163 1108 1228 anti-

160 1277 249 1341 quas
268 1266 303 1324 at
319 1258 436 1344 justas
458 1261 726 1326 eonsuetudines
749 1261 787 1325 in
810 1261 970 1340 murdris
985 1269 1020 1330 et
1034 1263 1109 1346 pla-

159 1359 252 1438 citis,
266 1366 304 1425 et
317 1360 395 1425 aliis
416 1361 531 1427 causis
553 1362 757 1441 observabo,
773 1369 810 1427 et
825 1363 1002 1428 observari
1021 1383 1110 1446 prae-

159 1459 252 1544 cipio
277 1467 314 1526 et
339 1461 526 1527 constituo.
577 1460 683 1546 Apud
705 1461 917 1542 Oxeneford,
942 1483 1034 1529 anno
1056 1465 1109 1528 in·
1122 1485 1244 1527 annia

159 1561 373 1626 carnationis
384 1562 527 1628 Domini
542 1562 723 1628 millesimo
738 1564 925 1629 centesimo
937 1564 1111 1631 tricesimo

160 1668 277 1742 sexto,
293 1663 393 1746 regni
407 1663 476 1729 mei
491 1662 627 1747 primo’

160 1856 261 1916 QUOD
287 1857 364 1906 REX
395 1857 608 1908 STRPHANUS
633 1857 751 1906 OthlA
779 1858 860 1908 HAEG
888 1859 972 1920 QUAE
997 1858 1112 1908 JURA·

368 1959 490 2009 vssRA'r
512 1959 707 2008 PERPERAM
732 1959 910 2008 MUTAVl'l'.

214 2065 233 2149 §
248 2065 302 2130 16.
326 2065 480 2131 Nomina
503 2067 657 2145 testium,
672 2067 732 2150 qui
755 2067 857 2132 multi
881 2067 1034 2145 fuerunt,
1049 2086 1112 2150 ap·
1125 2087 1235 2140 stophen·

162 2185 294 2248 ponere
319 2165 480 2248 fastidi03
502 2167 587 2251 quia
607 2187 696 2252 pene
717 2169 834 2232 omnia
858 2167 910 2232 ita
933 2187 1112 2251 perperam
1125 2143 1256 2232 :illidii

163 2267 327 2345 mutavit,
343 2268 444 2351 quasi
459 2268 503 2333 ad
520 2266 586 2332 hoc
600 2275 738 2333 tantum
748 2267 903 2353 jurasset
917 2275 957 2333 ut
977 2287 1113 2351 praeva-

163 2367 349 2432 ricatorem
374 2369 581 2434 sacramenti
610 2388 649 2434 se
678 2389 787 2451 regno
813 2369 879 2434 toti
905 2368 1113 2433 ostenderet.

164 2467 288 2533 Liceat
312 2469 403 2534 enim
426 2469 523 2548 mihi,
549 2488 637 2553 pace
661 2469 928 2535 mansuetissimi
953 2469 1114 2549 hominis,

163 2588 286 2634 verum
302 2590 373 2635 non
389 2571 567 2651 occulere3
590 2570 663 2653 qui,
677 2570 708 2635 si
723 2570 877 2653 legitime
895 2589 1040 2652 regnum
1061 2572 1115 2635 in·

165 2672 308 2752 gressus
329 2669 465 2749 fuisset,
478 2678 515 2736 et
538 2672 575 2734 in
597 2691 639 2735 eo
662 2670 935 2735 administrando
957 2670 1114 2735 credulas

160 2790 268 2835 aures
285 2770 535 2836 malevolorum
555 2772 707 2835 susurris
722 2789 793 2835 non
809 2771 1035 2849 exhibuisset,
1051 2790 1114 2854 pa-

164 2890 241 2936 rum
267 2872 301 2936 ei
319 2870 475 2956 proiecto
498 2871 543 2935 ad
565 2870 671 2954 regiae
692 2891 851 2955 personae
875 2872 1033 2937 decorem
1055 2871 1115 2936 de·

163 2970 298 3036 fuisset.
362 2972 490 3055 Itaque
510 2972 576 3036 suh
591 2984 646 3037 ‘eo
670 2972 866 3055 aliquarum
893 2971 1115 3037 ecclesiarum

165 3071 322 3136 thesauri
363 3070 502 3155 direpti,
539 3074 776 3155 possessiones
813 3079 981 3136 terrarum
1016 3072 1115 3137 laicis

165 3172 280 3252 datae3
301 3171 459 3237 ecclesiae
481 3172 684 3237 clericorum
703 3170 827 3236 alienis
849 3173 1020 3251 venditae3
1043 3173 1116 3257 epi·

165 3274 264 3356 scopi
286 3274 394 3356 capti,
416 3266 471 3336 'et
492 3292 549 3337 res
569 3292 652 3337 suas
677 3273 874 3337 abalienare
899 3273 1032 3352 coacti;
1055 3273 1117 3337 ah·

164 3373 284 3451 batiae,
299 3371 357 3438 vel
381 3372 570 3437 amicorum
593 3373 721 3455 gratia,
735 3373 792 3438 vel
815 3368 1031 3437 relaxatione
1057 3373 1117 3437 de·

164 3473 330 3551 hitorum,
355 3473 508 3555 indignis
529 3492 715 3538 concessae.
766 3472 835 3536 Sed
859 3472 935 3537 haec
958 3492 1027 3536 non
1045 3480 1117 3537 tam

166 3573 231 3651 illi,
246 3592 354 3657 quam
370 3573 577 3638 consiliariis
598 3574 687 3659 ejus,
702 3572 907 3638 ascribenda
930 3579 1037 3656 puto;
1060 3572 1120 3657 qui

165 3671 425 3758 persuadebant
441 3674 486 3752 ei,
501 3693 680 3757 nunqnam
695 3692 776 3737 enm
789 3672 914 3737 dehere
928 3691 1045 3737 carere
1060 3673 1120 3737 de-

165 3776 276 3839 nariis
288 3775 372 3839 dum
385 3776 597 3839 monasteria
613 3781 730 3839 essent
746 3772 876 3837 referta
888 3772 1069 3837 thesauris.

153 4101 158 4111 ·
202 4080 404 4144 mmmm]
428 4081 459 4131 s.
478 4083 509 4133 c.
525 4081 561 4130 n.
576 4081 635 4130 ez.
696 4076 783 4144 ἐι]
811 4080 845 4131 s.
867 4078 939 4141 ua,
968 4078 1020 4141 nt,
1041 4078 1071 4133 s.
1093 4078 1124 4131 c.

166 4155 237 4216 nes
253 4152 464 4203 omiserunt.
662 4151 698 4202 o.

913 4396 974 4461 tiu
