3100 5050
164 522 318 604 nra.1v.]
392 538 506 586 onera
530 537 657 586 aaron
681 537 893 587 nncnosun.
1052 523 1118 588 597

165 717 268 762 rens·
311 696 448 777 Quibus
463 699 639 763 laboribus
657 699 781 777 effecit,
798 706 837 763 ut
852 697 1065 763 admirabilis
1080 704 1116 761 et

163 818 254 881 pene
274 799 394 864 divina
407 800 519 864 virtus
539 799 615 884 ejus
629 799 733 864 fuerit
748 801 977 884 praesentibus
992 798 1114 861 stimu-

165 899 211 977 lo,
237 899 359 964 futura
383 900 531 984 posteris
556 900 734 964 miraculo.
787 900 884 964 Obiit
912 901 948 964 in
971 899 1113 981 expedi·
1126 917 1228 962 mitior

165 1001 261 1065 tione
286 997 440 1065 Arabica
466 1020 585 1064 mense
607 999 734 1084 Aprili,
766 1007 802 1066 et
828 1001 967 1084 publico
992 970 1247 1064 lunereffl'iili.

167 1099 391 1184 lerosolymis
414 1100 522 1184 juxta
545 1101 689 1165 fratrem
714 1101 919 1179 tumulatus,
935 1095 1029 1164 ¹cum
1051 1099 1112 1164 de-

165 1201 255 1265 cimo
290 1202 448 1285 septimo
469 1221 562 1266 anno
596 1202 695 1283 regni
727 1209 873 1285 quartus
886 1209 1113 1292 ‘accresceret

138 1331 144 1339 =
165 1303 306 1366 mensis.
358 1301 425 1367 Vir
442 1301 561 1366 multis
577 1302 754 1366 laboribus
769 1302 945 1378 emeritust,
959 1309 994 1365 et
1011 1301 1111 1385 cujus

164 1402 286 1484 gloriae
308 1402 425 1466 nullus
448 1402 633 1486 praetendit
658 1403 777 1466 nubila
799 1402 900 1479 livor,
927 1402 995 1466 nisi
1018 1401 1111 1484 quod

164 1502 271 1566 fuerit
291 1503 448 1586 pecuniae
467 1503 566 1588 justo
590 1503 763 1583 tenacior3
787 1503 847 1567 sed
871 1501 973 1587 hujus
998 1501 1109 1584 culpae

164 1600 276 1667 facilis
290 1610 325 1667 et
336 1623 419 1668 vera
433 1605 500 1667 erit
516 1604 707 1681 excusatio,
721 1604 752 1667 si
768 1602 1006 1668 consideretur
1018 1601 1110 1684 quod

163 1705 360 1768 necessaria
384 1705 421 1768 in
440 1712 656 1768 remanentes
680 1704 800 1769 effusio
817 1723 997 1768 munerum
1019 1701 1110 1766 inhi-

94 1827 99 1832 ·
164 1804 278 1869 buerit
293 1824 363 1887 quo
376 1805 490 1868 minus
504 1812 716 1869 mercaretur
725 1804 881 1869 favorem
899 1803 1108 1868 abeuntium.

215 1904 325 1989 §386
348 1904 523 1970 Successit
544 1906 577 1969 ei
594 1905 817 1969 Baldewinus
840 1912 1021 1986 cognatus,
1036 1903 1109 1967 dux
1122 1923 1234 1964 emron
1244 1924 1268 1964 ar

165 2004 320 2083 Edessae,
333 2025 435 2088 quem
451 2006 601 2070 moriens
622 2025 740 2088 regem
751 2005 1033 2082 denunciaverat,
1047 2024 1111 2068 an·
1123 1975 1218 2016 mm
1227 1975 1258 2015 ¹¹'

165 2106 272 2188 tiquis
284 2106 359 2191 jam
373 2106 554 2189 stipendiis
572 2106 762 2170 laudatum.
815 2105 882 2169 Ille
898 2098 1033 2170 ²multis
1049 2124 1111 2168 an·

166 2207 219 2270 nis
240 2226 387 2288 regnum
408 2208 554 2290 impigre
575 2212 723 2284 tutatus,
740 2206 845 2270 etiam
871 2206 971 2290 auxit
986 2202 1110 2270 Antio·

166 2306 275 2372 cheno
306 2308 526 2391 principatu3
566 2327 681 2390 quem,
711 2307 825 2371 occiso
854 2306 1008 2388 Rogerio
1038 2305 1110 2370 filio

166 2402 509 2484 Ricardi,³obtinuit.
545 2407 723 2491 Utrasque
739 2427 823 2489 ergo
838 2407 998 2489 regiones
1012 2425 1110 2488 egre·

163 2509 221 2592 gio
243 2508 475 2574 moderamine
496 2509 599 2587 rexit,
615 2508 741 2574 minori
759 2507 898 2592 quidem
920 2527 1112 2592 praesump-

163 2610 271 2675 tionis
295 2610 437 2688 roncho,
465 2610 525 2674 sed
551 2610 676 2695 majori
702 2616 738 2673 et
763 2609 965 2673 consultiori
995 2609 1111 2691 provi-

164 2710 304 2791 dentia;
336 2712 494 2794 quamvis
519 2710 589 2775 sint
615 2712 675 2793 qui
700 2710 898 2792 opinionem
921 2710 996 2794 ejus
1020 2710 1111 2772 lace-

163 2818 253 2889 rent,
269 2811 469 2877 tenacitatis
491 2830 569 2875 eum
589 2812 705 2875 nimiae
731 2817 929 2893 arguentes
981 2808 1111 2889 Quare,

163 2932 241 2976 cum
270 2913 449 2996 praeterito
474 2931 566 2976 anno
597 2932 666 2976 non
697 2910 802 2993 longe
825 2912 868 2975 ab
897 2909 1112 2993 lerosolyma

163 3013 376 3096 equitantem
410 3012 518 3077 Turci
549 3012 734 3095 cepissent,
759 3012 882 3094 paucis
915 3018 976 3076 aut
1006 3011 1112 3074 nullis

121 3150 127 3159 ·
162 3106 361 3196 4gemitibus
377 3113 432 3177 sui
449 3133 527 3177 eum
544 3112 805 3201 desiderarunt3
828 3111 1000 3194 latuitque
1023 3130 1112 3193 pene

163 3232 257 3278 anno
288 3220 324 3277 et
349 3213 482 3279 incolas
512 3220 547 3278 et
575 3213 818 3295 rumigerulos,
844 3231 913 3296 quo
941 3220 1111 3281 terrarum

163 3314 346 3392 abductus,
359 3314 390 3377 si
407 3315 541 3397 superis
556 3314 650 3378 auris
658 3319 869 3391 vesceretur,
883 3332 999 3377 necne.
1040 3312 1112 3376 Re·

162 3413 322 3480 futarunt
348 3434 451 3498 porro
479 3414 731 3499 lerosolymitae
758 3414 814 3479 vel
842 3433 959 3495 regem
986 3413 1111 3489 facere,

162 3516 217 3579 vel
244 3515 402 3581 ordinem
426 3522 461 3579 et
485 3515 648 3581 ducatum
677 3514 825 3578 militum
852 3515 1113 3596 interrumpere,

163 3615 280 3699 quoad
309 3617 359 3679 rei
384 3615 555 3680 certitudo
590 3616 749 3693 sciretur,
777 3622 920 3698 propter
945 3614 1022 3699 ejus
1053 3614 1115 3677 ab·

161 3717 312 3781 sentiam
329 3716 365 3779 in
382 3709 478 3781 nullo
492 3715 724 3782 infractiores,
778 3714 1007 3779 Postmodum
1018 3735 1116 3791 vero,

161 3818 304 3900 cognito
321 3817 398 3882 loco
411 3836 480 3899 quo
495 3817 693 3881 vinculatus
715 3815 842 3892 fuerat,
858 3816 985 3878 milites
1009 3815 1115 3878 auda·

198 3973 208 4006 ¹
233 3977 299 4025 Cum
324 3976 415 4025 deciam
440 3976 541 4040 septimo
567 3992 629 4026 caso
690 3974 849 4038 ⁸Obstructa]
872 3976 965 4038 Roger,
978 3978 1064 4037 prince
1081 3992 1120 4026 re-

163 4047 258 4110 ngari]
276 4046 305 4096 S.
317 4050 347 4096 c.
359 4047 394 4097 D.
406 4048 430 4095 E
439 4052 464 4097 2.
475 4047 523 4108 bs
534 4047 629 4110 ‘regni’
654 4046 753 4111 gentos
764 4046 884 4110 Antioeh,
904 4060 948 4095 son
965 4046 994 4094 oi
1007 4046 1119 4097 Richard

165 4117 270 4167 omitted
287 4117 314 4164 iu
325 4117 381 4167 El.
390 4130 398 4176 ;
415 4131 473 4166 eum
491 4122 588 4180 septem
604 4123 630 4167 et
654 4117 785 4167 seneschel
797 4116 826 4165 ol
833 4115 940 4181 Apulia,
948 4116 1056 4165 married
1066 4118 1120 4167 Ηο-

165 4186 252 4237 decem
262 4188 335 4249 regni
345 4187 472 4252 ennias.
652 4188 753 4248 dimna,
782 4188 857 4236 sister
884 4185 913 4235 ol
939 4187 1059 4235 Beldwin
1081 4188 1119 4239 11.

655 4258 699 4307 He
710 4271 765 4305 was
777 4257 843 4307 slain
855 4257 881 4305 in
894 4260 968 4307 1119.

202 4322 420 4448 ’1111ίί31111κίεέ
438 4328 467 4379 S.
482 4329 512 4378 C.
531 4329 566 4379 D.
580 4328 630 4385 E.;
690 4325 874 4389 ⁴Gemitibaa.]
892 4326 921 4376 S.
934 4327 969 4376 D.
981 4328 1121 4391 E.;gerni·

167 4395 380 4461 adhortempue,
417 4400 468 4450 .L.
655 4398 734 4461 tibus,
745 4402 775 4445 ut
785 4396 879 4460 ferunt,
891 4396 921 4445 L.

900 4472 970 4538 aa
