3100 5050
420 490 487 558 658
641 507 755 557 orara
780 509 907 557 nncuu
931 507 1144 560 ancnonun.
1236 491 1326 573 [nin.
1344 507 1375 552 v.

259 685 380 725 conantur
420 670 632 729 teceasornm
657 683 801 729 suorum
832 683 1037 748 recuperare
1064 670 1100 728 et
1126 671 1244 728 tenere
1269 663 1372 748 adju·

258 735 393 826 Qum
421 763 523 842 rabo,
544 764 637 829 bona
658 764 737 841 lide,
752 766 828 828 sine
847 764 968 829 sraude
983 772 1018 828 et
1033 765 1125 829 malo
1147 764 1311 846 ingenio:
1335 771 1372 828 et

260 835 378 887 m*
419 862 558 928 domino
589 883 691 946 papae
717 863 881 928 Paschali
907 864 1076 940 obediam,
1107 864 1206 928 salvo
1237 863 1370 929 honore

419 963 519 1045 regni
540 971 577 1028 ot
597 963 744 1047 imperii,
760 965 853 1028 sicut
874 964 1036 1028 catholici
1060 963 1289 1046 imperatores
1312 983 1371 1028 ca-

420 1061 559 1128 tholicis
581 1064 803 1145 pontificibus
820 1063 1013 1128 Romanis?
1064 1063 1111 1127 Et
1132 1064 1193 1128 isti
1214 1064 1371 1147 suntju-

420 1170 555 1227 ratores
578 1183 624 1226 ex
651 1172 751 1246 parte
771 1165 882 1247 ipsius
904 1164 1017 1246 regis:
1049 1163 1247 1228 Fridericus
1265 1163 1371 1227 Colo-

420 1263 550 1327 niensis
573 1264 867 1347 archiepiscopus,
890 1262 1120 1327 Godebardus
1146 1262 1371 1328 Tridentinus

420 1363 617 1446 episcopus,
643 1365 765 1428 Bruno
778 1362 950 1446 Spirensis
968 1363 1164 1446 episcopus
1189 1363 1370 1444 Berenga-

420 1462 493 1526 rius
518 1482 646 1541 comes,
670 1461 837 1528 Albertus
865 1463 1104 1539 cancellarius
1132 1461 1371 1526 Herimaunus

419 1581 548 1640 comes,
572 1563 770 1628 Fridericus
798 1583 913 1628 comes
938 1563 1126 1645 palatinus,
1157 1561 1370 1627 Bonefacius

420 1662 587 1740 marchio,
605 1660 771 1728 Albertus
795 1682 910 1727 comes
932 1662 975 1726 dc
997 1662 1220 1739 Blandriaco,
1247 1661 1368 1726 Frlde-

419 1761 512 1824 ricus
534 1781 662 1840 comcs,
679 1761 888 1828 Godefricus
909 1779 1035 1838 comen,
1050 1761 1256 1826 Warncrius
1278 1781 1371 1826 mar-

420 1859 508 1925 chio.

152 1997 156 2005 x
258 1980 387 2022 imitor
473 1959 594 2043 §m
623 1960 705 2025 Hac
728 1959 958 2026 conventione
980 1959 1134 2043 expleta,
1162 1967 1197 2024 et
1223 1959 1371 2043 praedic-

256 2032 295 2070 tha
305 2042 379 2070 conoe·

256 2067 536 2125 mutuaturum
568 2061 811 2143 cpiscoporum
836 2067 872 2124 et
896 2059 1125 2124 cardinalium
1150 2067 1370 2125 sacramento

257 2141 367 2230 iffi.
420 2160 635 2238 confirmata,
653 2160 773 2225 osculo
789 2161 953 2244 utrinque
975 2160 1070 2237 dato,
1091 2160 1251 2224 dominus
1276 2179 1369 2244 papa

259 2231 386 2322 illidi:
419 2267 546 2343 quarto
569 2261 649 2324 idus
664 2258 808 2343 Aprilis,
833 2260 1018 2324 Dominica
1043 2259 1155 2338 Quasi
1180 2259 1284 2325 modo
1308 2281 1368 2342 ge-

419 2360 498 2437 niti,
511 2361 653 2424 missam
666 2361 856 2425 celebravit
871 2381 880 2439 3
903 2361 940 2424 in
955 2379 1037 2443 qua,
1053 2367 1135 2442 post
1152 2361 1366 2425 communio-

419 2479 498 2524 nem
513 2479 614 2524 suam
630 2468 667 2526 et
676 2461 912 2524 ministrorum
926 2460 1059 2537 altaris,
1073 2461 1278 2544 imperatori
1294 2479 1367 2527 cor·

418 2578 485 2642 pus
507 2568 543 2624 et
563 2562 768 2643 sanguinem
786 2555 946 2626 ¹Domini
964 2559 1059 2625 dedit
1085 2559 1122 2625 in
1147 2560 1222 2625 haec
1239 2563 1366 2627 verba:

418 2660 522 2723 ‘Hoc
538 2660 759 2725 Dominicum
773 2680 912 2743 corpuS,
930 2661 1022 2743 quod
1038 2667 1262 2725 sacrosancta
1273 2668 1369 2725 tenet

418 2759 576 2839 ecclesia,
601 2767 722 2824 natum
747 2780 793 2825 ex
817 2760 933 2825 Maria
953 2760 1102 2841 virgine,
1129 2760 1302 2825 elevatum
1330 2763 1366 2825 in

417 2878 520 2924 cruce
542 2880 605 2943 pro
632 2859 868 2943 redemptione
896 2859 1037 2923 humani
1065 2860 1216 2941 generis,
1241 2860 1366 2925 damus

418 2958 482 3022 tibi
502 2958 570 3046 (lili
591 2957 809 3045 charissime)
826 2961 861 3023 in
883 2960 1118 3024 remissionem
1144 2967 1367 3043 peccatorum

417 3065 569 3135 tuorum,
584 3067 620 3124 et
635 3061 672 3123 in
688 3059 986 3126 conservationem
1007 3058 1252 3123 confirmandae
1270 3063 1367 3143 pacis

417 3165 454 3223 ct
466 3178 559 3223 verae
570 3160 733 3224 amicitiae
751 3160 842 3223 inter
857 3178 912 3222 me
935 3165 971 3222 et
983 3166 1031 3235 te,
1045 3165 1081 3222 ct
1096 3178 1242 3241 regnum
1257 3167 1294 3223 et
1309 3180 1367 3225 sa-

417 3258 631 3323 cerdonum?
666 3256 805 3323 'Altero
819 3278 902 3324 vero
924 3259 980 3322 die
1003 3258 1217 3341 apostolicus
1240 3266 1276 3323 et
1302 3281 1365 3325 rex

416 3350 479 3421 ’ad
494 3358 672 3423 columnas
688 3378 767 3442 quae
784 3357 916 3424 suntin
932 3358 1008 3423 foro
1020 3366 1276 3440 convenerunt3
1296 3360 1368 3425 dis-

416 3458 539 3540 positis
554 3459 725 3542 praesidiis
739 3458 961 3527 loricatorum
979 3458 1175 3541 ubicunque
1183 3460 1368 3525 videbatur

415 3576 504 3639 opus
526 3578 616 3636 esse,
630 3578 674 3623 ne
688 3558 912 3641 impediretur
925 3558 1018 3639 regis
1041 3559 1264 3624 consecratio.
1318 3560 1367 3625 Et

415 3655 452 3719 in
466 3655 650 3741 Argentea
666 3659 776 3723 Porta
797 3664 955 3741 receptus
973 3664 1027 3722 est
1042 3678 1105 3722 rex
1122 3660 1166 3722 ab
1180 3660 1367 3742 episcopis„

415 3763 452 3822 et
467 3758 711 3835 cardinalibus
726 3765 762 3822 et
779 3764 855 3822 toto
880 3758 973 3821 clero
990 3757 1171 3839 Romano;
1195 3766 1231 3823 et
1248 3767 1367 3843 coepta

415 3858 572 3923 oratione
596 3878 675 3941 quae
708 3859 746 3922 in
775 3858 894 3923 ordine
919 3858 1116 3922 continetur
1139 3859 1183 3921 ab
1210 3858 1365 3924 Ostiensi

415 3957 589 4042 episcopo,
611 3958 774 4041 quoniam
790 3955 950 4055 Albanus
967 3957 1098 4035 decrat,
1122 3978 1144 4021 a
1165 3978 1236 4041 quo
1258 3960 1365 4023 debu·

448 4184 593 4251 mamas]
617 4190 650 4238 A.
668 4191 697 4240 s.
719 4193 748 4241 c.
767 4192 802 4241 o.
819 4193 875 4243 na.
938 4163 1008 4215 Ἥ
1027 4169 1169 4249 alm]
1187 4170 1321 4231 Sunnosed
1341 4176 1365 4219 to

412 4256 482 4316 ης
498 4259 602 4309 omitted
613 4260 639 4308 in
652 4262 706 4309 ΕΙ.
902 4237 933 4284 be
952 4236 995 4285 the
1011 4252 1120 4286 remmus
1131 4238 1160 4287 ol
1172 4238 1215 4287 the
1232 4240 1324 4301 temple
1340 4238 1368 4289 ot⁴

901 4306 1004 4368 Jupiter
1015 4308 1106 4357 Stator.
1156 4322 1158 4328 ·
