3100 5050
183 541 254 589 nra.
271 525 344 606 111.]
470 542 645 591 russorum
668 541 846 592 uovnnna.
1069 526 1135 589 757

252 791 545 840 REGAPH'ULATIO
569 793 616 839 DE
640 792 774 840 GOMl'lE
797 791 1050 841 GLOEGESTRAE.

231 899 316 984 §54
342 899 520 984 Principia
546 908 723 982 gestorum
745 900 849 984 hujus
874 901 968 978 anui,
991 903 1052 986 qui
1074 910 1274 1022 estffissiii„
1289 962 1291 965 .

178 999 428 1065 incarnationis
464 1001 658 1065 Dominicae
688 1000 889 1065 millesimus
920 1002 1127 1068 centesimus
1139 1021 1259 1064 sonorae

178 1100 466 1183 quadragesimus
481 1101 616 1178 tertius,
629 1121 674 1164 ex
686 1101 828 1185 reliquis
844 1101 1032 1185 superioris
1044 1106 1127 1168 anni
1138 1073 1282 1213 gfff&

178 1202 346 1287 successit
363 1201 480 1266 animo
493 1202 659 1266 resarcire
672 1220 681 1282 3
704 1202 874 1284 simulque
890 1221 1059 1266 summam
1074 1224 1125 1268 re
1190 1200 1195 1213 '

178 1309 256 1366 rum
279 1320 357 1385 quae
379 1300 422 1365 de
443 1301 599 1366 Roberto
623 1301 695 1365 filio
715 1303 807 1383 regis
832 1301 978 1366 Heurici
1001 1305 1133 1370 comite.

178 1399 392 1466 Gloecestrae
408 1403 556 1486 sparsim
580 1401 674 1466 dicta
694 1408 787 1479 sunt,
802 1403 902 1485 quasi
922 1403 959 1466 in
980 1402 1125 1468 fascicu-

174 1499 248 1564 lum
265 1501 459 1579 collectam,
477 1501 615 1567 lectoris
638 1501 859 1567 aestimationi
875 1521 936 1584 per
950 1504 1124 1586 recapitu-

174 1600 341 1668 lationem
363 1621 565 1685 proponere.
619 1601 702 1685 Ipse
729 1603 858 1686 quippe
879 1601 970 1666 sicut
991 1603 1123 1685 primus

175 1702 220 1766 ad
244 1708 362 1785 partes
385 1702 512 1767 sororis
535 1722 609 1767 suae
621 1703 718 1787 juste
740 1701 970 1767 defendendas
985 1702 1123 1767 initium

174 1802 342 1885 suscepit,
370 1802 421 1866 ita
449 1821 584 1886 semper
612 1801 743 1867 invicto
776 1801 890 1866 animo
919 1803 956 1865 in
984 1802 1122 1887 incepto

174 1903 286 1984 gratis
318 1904 572 1985 perseveravit:
605 1900 714 1983 gratis
739 1902 828 1979 dico,
856 1902 939 1985 quia
965 1904 1123 1968 nonnulli

173 2001 350 2067 fautorum
366 2002 454 2086 ejus,
470 2003 536 2080 vel,
550 2002 726 2067 fortunam
742 2009 938 2088 sequentes,
953 2022 1030 2066 cum
1046 2003 1121 2088 ejus

174 2102 391 2167 volubilitate
399 2109 589 2179 mutantur,
603 2103 671 2180 vel,
684 2102 794 2166 multa
802 2102 877 2185 jam
892 2103 1122 2168 emolumenta

173 2203 361 2280 consecuti,
377 2221 438 2285 spe
450 2202 656 2285 ampliorum
671 2201 891 2283 praemiorum
907 2221 969 2284 pro
981 2202 1121 2286 justitia

172 2310 340 2384 pugnant.
393 2302 496 2366 Solus
527 2303 583 2367 vel
611 2321 700 2384 pene
736 2301 832 2365 solus
861 2301 1048 2379 Robertus,
1084 2304 1121 2367 in

172 2410 333 2467 neutram
355 2409 492 2485 partem·
503 2400 654 2484 pronior,
668 2419 732 2465 nec
754 2419 817 2484 spe
838 2402 1042 2483 compendii,
1056 2423 1119 2468 nec

172 2501 343 2587 dispendii
356 2503 492 2581 timore,
517 2520 668 2586 unquam
682 2500 795 2566 flexus
814 2508 879 2580 est,
896 2501 987 2567 sicut
1004 2522 1048 2566 ex
1065 2521 1119 2568 se·

172 2604 360 2686 quentibus
380 2604 533 2687 liquebit.
587 2602 669 2667 Nou
690 2621 773 2685 ergo
795 2602 912 2681 alicui,
926 2602 957 2665 si
972 2603 1047 2667 haec
1068 2603 1122 2668 in-

172 2709 270 2787 tegre
290 2703 415 2781 scribo,
429 2703 638 2768 adulationis
660 2707 820 2784 surrepat
841 2702 1011 2785 suspici03
1035 2703 1120 2768 nihil

85 2875 91 2880 ,
172 2805 266 2868 enim
288 2823 310 2868 a
336 2822 391 2867 me
408 2803 547 2867 dabitur
561 2802 695 2885 gratiae,
718 2801 778 2866 sed
804 2801 879 2865 sola
892 2801 1022 2866 veritas
1047 2802 1118 2867 bis-

171 2903 270 2967 toriae
297 2904 372 2967 sine
399 2903 469 2967 ullo
497 2902 577 2966 fuco
607 2900 777 2966 mendacii
798 2908 1013 2983 posterorum
1038 2922 1118 2985 pro·

171 3003 317 3068 ducetur
329 3003 474 3067 notitiae.

222 3103 309 3187 §bb
333 3102 476 3167 Dictum
499 3109 555 3166 est
571 3101 613 3165 de
635 3102 843 3185 comiteque
861 3102 963 3166 modo
985 3102 1116 3185 primus

170 3196 340 3271 ¹omnium
355 3210 436 3285 post
451 3201 568 3267 David
583 3221 698 3283 regem
714 3200 853 3278 Scotiae,
867 3208 1037 3284 praesente
1052 3222 1115 3285 pa·

168 3310 222 3367 tre
237 3303 404 3380 Henrico,
415 3301 616 3366 fidelitatem
634 3302 743 3365 sorori
758 3320 831 3364 suae
845 3301 1055 3384 imperatrici
1071 3305 1114 3367 de

168 3423 276 3486 ragno
291 3401 430 3484 Angliae
446 3408 481 3466 et
497 3401 626 3465 ducatu
645 3400 873 3466 Normauuiae
899 3411 1114 3467 sacramento

167 3503 338 3568 firmavit:
373 3501 540 3567 nonnulla
569 3499 626 3588 (ut
652 3497 743 3585 dixi)
775 3501 995 3565 contentione
1024 3502 1115 3567 inter

167 3623 246 3669 eum
263 3610 299 3667 et
313 3602 526 3685 Stephanum
543 3608 626 3666 tuuc
642 3602 810 3665 Bononiae
830 3600 999 3678 comitem,
1017 3610 1114 3683 post·

165 3703 306 3768 modum
322 3700 461 3784 Angliae
485 3720 609 3783 regem,
628 3701 787 3783 quisnam
806 3700 902 3783 prior
917 3720 1113 3765 sacramen-

165 3811 241 3867 tum
256 3803 406 3882 faeeret3
426 3801 581 3866 Roberto
598 3800 837 3865 excellentiam
852 3800 926 3877 filii,
937 3800 1114 3884 Stephano

165 3902 371 3985 dignitatem
386 3901 535 3984 nepotis,
552 3900 825 3965 defendentibus.

218 4003 235 4087 §
249 4002 304 4067 56.
329 4002 471 4067 Dictum
486 4007 539 4065 est
551 4001 655 4065 etiam
670 4018 774 4083 quam
790 3999 1012 4065 rationabiles
1035 4020 1113 4064 eum

104 4234 106 4243 ι
200 4209 208 4239 ¹
223 4210 360 4274 Omnium]
380 4212 410 4261 E.
420 4228 427 4272 ;
449 4211 558 4259 omnium
577 4211 627 4272 pri·
652 4211 707 4260 that
718 4210 828 4273 Stephen
846 4209 971 4272 preceded
983 4210 1077 4259 Robert
1087 4212 1114 4259 iu

160 4286 267 4343 matrum,
296 4281 325 4330 S.
346 4281 381 4330 D.
395 4281 448 4330 Li.
460 4306 496 4337 e-
508 4281 628 4329 Mulmea·
652 4282 742 4343 taking
751 4281 795 4330 ibe
805 4280 864 4330 ooth
875 4285 901 4329 to
912 4280 1030 4328 Matilda.

162 4354 239 4415 bury,
250 4352 377 4415 however,
387 4350 434 4400 hue
445 4350 530 4401 before
544 4351 627 4401 stated
894 4425 917 4487 3

940 4442 963 4486 D
