3100 5050
158 527 230 574 ern.
249 509 315 591 in]
393 524 506 574 unsri
530 523 657 573 nncuu
682 523 898 573 suenonuu.
1048 505 1115 573 497

159 684 268 766 regiee
297 683 511 750 conveniunt
540 684 740 768 majestati!
793 685 852 749 Ita
882 683 1115 749 cubicularius

160 803 207 848 ex
224 804 267 849 eo
282 785 433 867 pretium
449 785 735 849 vestimentorum
758 784 834 869 ejus
854 806 919 869 pro
934 784 1115 849 voluntate

163 886 382 963 numerabat,
398 884 510 948 multa
523 885 664 968 perinde
679 885 751 950 suis
766 886 977 949 utilitatibus
991 883 1116 948 nundi·

163 992 282 1049 uetus.

217 1085 236 1168 §
253 1084 328 1148 314.
352 1084 542 1150 Excitabat
558 1103 642 1166 ergo
663 1091 777 1149 totum
797 1085 1009 1150 occidentem
1022 1083 1117 1147 fama
1128 1106 1160 1146 re
1173 1105 1281 1156 eretur„

163 1185 341 1266 largitatis
364 1184 455 1268 ejus,
478 1184 644 1249 orientem
670 1203 781 1268 usque
805 1185 1033 1268 pertendens:
1057 1157 1273 1248 veit-&M

164 1285 309 1349 niebant
322 1285 366 1348 od
382 1303 460 1348 eum
473 1285 603 1348 milites
617 1303 663 1348 ex
679 1285 773 1349 omni
788 1303 867 1367 quoe
879 1285 968 1349 citra
982 1291 1117 1348 montes

164 1391 219 1449 est
248 1384 440 1467 provincia,
467 1403 555 1468 quos
576 1385 651 1467 ipse
681 1385 930 1467 profirsissimis
954 1385 1119 1466 expensis

163 1485 394 1563 munerabat;
429 1484 549 1568 itaque
574 1503 653 1548 cum
676 1484 859 1549 deiecisset
885 1484 979 1568 qnod
1007 1484 1118 1562 daret,

163 1585 267 1666 inops
290 1590 326 1648 et
347 1583 539 1648 exhaustus
560 1583 604 1646 od
622 1577 736 1649 ¹lucra
756 1586 929 1649 convertit
953 1585 1117 1648 animum.
1149 1612 1154 1625 1

162 1682 328 1749 Accessit
341 1675 464 1766 ²regiee
482 1681 601 1760 menti,
615 1683 725 1748 fomes
747 1684 989 1767 cupiditatum,
1002 1677 1118 1747 'Ran-

164 1783 285 1848 nulfus
312 1782 471 1860 clericae,
498 1801 544 1847 ex
563 1783 684 1847 infimo
706 1803 832 1866 genere
851 1783 1028 1848 bominum
1051 1783 1118 1846 lin-

164 1903 238 1966 gue
252 1877 508 1948 et⁴celliditete
522 1891 710 1966 provectus
723 1884 767 1949 ed
782 1903 963 1948 summum.
1020 1882 1071 1960 Is,
1088 1883 1119 1947 si

164 1983 310 2067 quando
330 1983 480 2047 edicbrm
498 1983 632 2064 regium
654 1985 880 2065 processisset
900 1990 941 2047 ut
962 1983 1119 2047 nomina·

164 2092 242 2148 tum
269 2084 438 2148 tributum
463 2081 596 2164 Anglia
622 2082 801 2166 penderet,
827 2083 971 2166 duplum
998 2082 1120 2166 adjici·

165 2185 261 2261 ebat,
276 2183 453 2266 expilator
467 2183 626 2260 divitum,
644 2184 895 2248 exterminator
915 2201 1120 2266 pauperum,

167 2283 379 2348 confiscator
414 2283 605 2347 elbuarum
640 2283 894 2348 baereditetum.
963 2283 1120 2348 Invictus

165 2383 378 2460 causidicus,
400 2391 436 2448 et
458 2390 532 2447 tum
548 2383 663 2448 verbis
678 2390 753 2446 tum
778 2385 881 2447 rebus
903 2382 1120 2460 immodicus,

161 2484 272 2569 juxta
293 2483 331 2549 in
347 2483 522 2567 supplices
539 2482 632 2549 utin
652 2483 799 2549 rebelles
813 2483 951 2548 furens:
975 2483 1121 2547 subinde

165 2581 475 2649 'cachinnantibus
491 2583 699 2667 quibusdem
720 2603 763 2647 oc
785 2584 992 2662 dicentibus,
1007 2584 1120 2648 solnm

163 2704 244 2750 esse
274 2684 448 2748 bominem
477 2684 536 2766 qni
567 2684 671 2747 sciret
699 2685 750 2748 sic
771 2684 908 2767 agitare
931 2684 1121 2766 ingenium,

166 2804 232 2849 nec
246 2783 395 2848 aliorum
410 2790 547 2847 cureret
560 2783 676 2848 odium
691 2784 877 2849 dummodo
892 2784 1123 2867 complacaret

166 2885 359 2950 dominum.
413 2882 493 2948 Hoc
518 2893 662 2948 auctore
693 2885 784 2947 sacri
813 2884 1037 2949 ecclesiarum
1059 2884 1122 2947 ho·

166 3002 283 3061 nores,
299 2984 446 3048 mortuis
461 2984 672 3065 pastoribus,
685 3003 814 3048 venum
827 2983 933 3048 locati
946 3003 955 3063 3
973 3001 1122 3064 nemque

168 3085 293 3149 audita
313 3090 424 3147 morte
441 3082 627 3166 cujuslibet
641 3083 795 3166 episcopi
807 3083 864 3147 vel
876 3084 1025 3159 abbatis,
1039 3101 1123 3146 con·

167 3184 286 3248 festim
301 3183 446 3248 clericus
464 3183 558 3263 regis
578 3202 619 3246 eo
633 3183 849 3275 mittebatur,
862 3184 924 3266 qni
938 3183 1056 3246 omnia
1069 3183 1123 3246 in·

168 3291 278 3349 venta
303 3283 433 3365 scripto
460 3282 650 3365 exciperet,
674 3301 863 3365 omnesque
885 3282 923 3345 in
946 3289 1123 3366 posterum

170 3384 326 3448 redditus
343 3382 428 3447 fisco
442 3382 540 3462 regio
553 3381 707 3445 inferret.
747 3382 888 3446 Interea
905 3383 1125 3464 quaerebatur

169 3484 249 3565 quis
265 3483 301 3546 in
317 3482 394 3546 loco
407 3481 563 3545 defuncti
585 3481 731 3545 idoneus
750 3482 1030 3558 substitueretur,
1054 3499 1125 3544 non

163 3598 233 3666 'pro
249 3600 386 3648 morum
399 3580 460 3645 sed
476 3600 540 3664 pro
553 3600 771 3646 nummorum
787 3581 1045 3664 experiment03
1061 3580 1123 3643 da·

205 3828 332 3902 mm]
352 3835 382 3884 G.
402 3833 437 3883 D.
453 3835 487 3884 Ε.
495 3848 506 3897 ;
520 3833 636 3897 sepinas,
661 3834 957 3885 ontbebffidnnslm.
973 3834 1125 3896 SseAnglie

170 3903 206 3956 A.
218 3904 248 3953 S.
260 3904 303 3985 L..
523 3972 529 3985 ·
661 3904 924 3967 stampensem,
934 3919 961 3967 p.
972 3908 1032 3955 we.

174 3971 346 4094 S'ffiffl
371 3974 402 4023 ⁰·
421 3972 471 4034 Εἰ
486 3972 583 4036 ”mr
601 3971 635 4023 Α·
695 4002 711 4088 ⁴·
726 4006 891 4087 cunctus]
912 4004 948 4056 A.
967 4006 1003 4056 n.
1021 4006 1057 4055 n.
1076 4006 1124 4067 n,

197 4080 219 4145 ,ὃ
242 4078 383 4171 'Romnum
404 4110 527 4175 cmo]
551 4110 637 4172 Rapph
661 4075 862 4139 fflldffliatsspse
876 4077 907 4127 co

173 4182 358 4244 Flembard‚or
375 4182 558 4231 Pessedsbere.
594 4180 637 4229 He
696 4174 929 4226 ‘declinantibus
943 4176 1125 4239 seimane

174 4250 636 4313 wasreisedtotbedignityoibisbop
661 4240 822 4313 dicentibus]
848 4245 878 4295 S.
902 4248 933 4295 c.
952 4246 987 4296 D.
1010 4248 1060 4306 E.;
1082 4260 1126 4295 eu·

174 4325 203 4375 ol
210 4322 337 4386 Durbnm,
347 4321 398 4372 eud
407 4336 464 4372 ures
473 4320 637 4372 conaecreted
663 4317 798 4367 cbinnaute
808 4329 868 4378 rege
879 4330 909 4365 ec
920 4316 1030 4379 dena,
1040 4315 1075 4365 A.
1086 4314 1118 4366 L.
