3100 5050
177 503 247 553 ms.
266 489 316 571 v.]
407 506 521 557 unsri
544 508 671 557 ancon
695 508 911 557 suuuonuu.
1062 493 1129 559 635

176 680 375 727 communes
394 657 476 727 ¹loci
492 664 536 728 ad
551 664 742 747 quamlibet
757 671 893 746 partem
913 662 1046 727 inflecti
1061 682 1126 746 pro

175 760 338 826 facundia
355 756 532 841 ²0rat0ris,
555 765 748 846 praesertim
770 784 850 829 cum
875 784 945 828 non
970 769 1124 828 coutem-

175 869 279 925 natur
298 862 497 945 eloquentia
517 883 622 946 quam
646 864 799 946 pretiosa
822 864 988 928 condiunt
1006 864 1123 928 xenia.

175 960 223 1026 Et
242 967 283 1027 ut
299 962 385 1027 nihil
402 964 587 1028 cumulatae
610 983 746 1045 pompae
760 963 908 1040 deesset,
923 963 1124 1027 adolescen-

175 1061 267 1125 tulos
283 1062 464 1127 clarissimi
478 1064 627 1144 generis,
638 1063 727 1127 filios
742 1063 929 1127 comitisde
941 1062 1121 1140 Mellento,
1209 1098 1219 1109 ·

174 1166 212 1224 ut
240 1168 363 1225 contra
395 1162 587 1227 cardinales
615 1162 657 1226 de
682 1162 865 1226 dialectica
891 1162 1122 1244 disputarent,

173 1261 396 1327 subornavit:
412 1282 559 1344 quorum
570 1262 745 1327 tortilibus
759 1262 1030 1344 sophismatibus
1043 1281 1121 1325 cum

174 1352 380 1425 ³vivacitate
391 1362 566 1426 rationum
581 1362 703 1425 obsisti
719 1362 890 1443 nequiret,
904 1381 974 1425 non
997 1360 1122 1443 puduit

172 1460 366 1525 cardinales
388 1460 555 1538 confiteri,
574 1461 700 1544 majori
725 1460 888 1527 occiduas
909 1460 1033 1542 plagas
1057 1460 1119 1524 flo-

170 1579 248 1623 rere
261 1559 438 1625 literarum
454 1560 580 1643 peritia
590 1579 695 1643 quam
708 1561 775 1643 ipsi
793 1560 971 1625 audissent
984 1560 1040 1625 vel
1055 1581 1121 1643 pu·

172 1665 307 1723 tassent
330 1660 367 1723 in
391 1661 518 1743 patria.
570 1658 697 1742 Itaque
723 1660 799 1724 haec
819 1659 1004 1725 collocutio
1028 1659 1120 1731 hunc

173 1758 276 1821 finem
303 1761 459 1837 emeruit,
472 1766 513 1824 ut
535 1760 781 1842 pronunciaret
799 1759 1012 1843 apostolicus
1034 1759 1120 1823 nihil

173 1854 369 1940 Anglorum
392 1859 485 1941 regis
513 1877 621 1923 causa
647 1859 792 1943 justina,
821 1858 1006 1942 prudentia
1035 1859 1119 1924 erni·

173 1958 325 2035 nentina,
340 1958 502 2023 facundia
516 1958 667 2023 uberius.

222 2057 333 2142 §toa
357 2057 494 2123 Horum
517 2076 702 2141 puerorum
721 2064 822 2139 pater
840 2065 916 2122 erat
937 2057 1119 2123 comesde
1130 2075 1258 2118 imru

173 2156 342 2221 Mellento
371 2157 548 2223 Robertus
570 2157 628 2243 (ut
650 2154 754 2241 dixi),
779 2156 870 2221 filius
900 2156 1045 2240 Rogcrii
1075 2126 1234 2267 doffte

178 2256 279 2321 Bello
294 2256 418 2321 Monte
432 2260 493 2340 qui
511 2257 704 2321 Pratellum
726 2256 921 2321 coenobium
944 2256 1118 2321 Norman·
1154 2239 1167 2266 ⁰
1190 2231 1234 2267 ‘¹¹⁸'

173 2357 240 2420 niae
269 2359 484 2421 construxit:
519 2357 622 2422 homo
647 2356 802 2439 antiquae
823 2355 1056 2438 simplicitatis
1082 2364 1120 2421 ct

173 2455 265 2535 fidei,
282 2457 355 2540 qui,
376 2456 497 2521 crebro
517 2476 539 2520 a
553 2455 730 2522 Willelmo
752 2456 863 2538 primo
888 2456 1056 2520 invitatus
1079 2463 1119 2524 ut

174 2553 339 2638 Angliam
363 2559 508 2632 veniret,
530 2557 638 2639 largis
665 2557 709 2619 ad
737 2556 953 2621 voluntatem
980 2574 1117 2639 posses·

171 2657 327 2720 sionibus
352 2656 598 2733 munerandus,
627 2656 844 2739 supersedit;
871 2656 1117 2737 pronuncians,

170 2763 310 2837 patrum
324 2775 465 2821 suorum
486 2755 725 2820 haereditatem
742 2773 780 2817 se
796 2754 886 2819 velle
901 2753 1030 2831 fovere,
1047 2775 1118 2819 non

170 2856 420 2921 transmarinas
445 2863 481 2920 et
510 2855 682 2920 indebitas
708 2853 945 2936 possessiones
969 2854 1024 2918 vel
1054 2873 1117 2936 ap·⁴

170 2962 287 3036 petere
319 2954 375 3020 vel
405 2953 578 3020 invadere.
632 2953 704 3017 Hic
734 2953 822 3018 duos
850 2953 940 3017 filios
972 2954 1116 3033 habuit3

170 3053 365 3118 Robertum
382 3053 499 3132 istum,
514 3060 550 3118 et
565 3052 770 3118 Henricum.
811 3052 987 3122 Henricus
1001 3072 1116 3116 comes

171 3152 432 3230 warwicensis,
449 3153 561 3218 dulcis
575 3160 610 3216 et
627 3153 735 3234 quieti
759 3152 866 3216 animi
882 3152 947 3229 vir,
962 3171 1117 3233 congruo

170 3255 242 3317 suis
258 3253 412 3316 moribus
430 3252 545 3316 studio
559 3253 667 3316 vitam
684 3250 757 3332 egit
773 3258 810 3314 et
823 3250 960 3315 clausit.
1002 3249 1117 3329 Alter,

170 3354 321 3417 astutior
335 3346 393 3416 et⁴
398 3353 569 3434 pronioris
585 3351 629 3414 ad
642 3351 832 3428 versutiam
848 3350 974 3428 cordis,
990 3357 1118 3432 praeter

168 3459 351 3533 paternam
373 3451 609 3516 haereditatem
625 3451 662 3513 in
678 3449 896 3514 Normannia
912 3457 948 3512 et
963 3449 1119 3531 ingentia

169 3551 301 3632 praedia
323 3552 360 3614 in
384 3550 525 3632 Anglia,
556 3549 749 3626 castellum,
778 3537 871 3630 quod
895 3548 1016 3613 matris
1043 3567 1116 3612 suae

170 3649 277 3714 frater
294 3650 404 3732 Hugo
428 3651 520 3713 filius
536 3648 751 3714 Gualeranni
774 3654 947 3725 tenuerat,
969 3646 1117 3710 Mellen-

170 3755 244 3812 tum
266 3749 416 3826 nomine,
430 3770 452 3812 a
474 3769 556 3831 rege
577 3748 736 3813 Franciae
758 3748 971 3811 nundinatus
989 3755 1044 3810 est
1058 3765 1118 3828 pe-

169 3849 282 3913 cunia.
335 3847 406 3927 Qui
436 3868 515 3912 cum
548 3848 765 3931 superiorum
796 3867 919 3929 regum
954 3852 1120 3928 tempore,

203 4079 304 4147 ¹Loci.]
315 4081 350 4134 A.
364 4084 394 4134 C.
406 4083 442 4134 D.
454 4085 487 4134 E.
499 4083 530 4141 a.
539 4085 631 4145 ;omit·
692 4079 876 4143 'Vioueitate.]
903 4082 934 4130 C.
952 4080 988 4130 D.
1008 4080 1059 4142 E.;
1076 4094 1122 4142 pro

168 4152 246 4202 tedia
258 4153 289 4202 S.
657 4151 803 4210 vivacitate,
813 4149 847 4200 A.
860 4151 889 4200 S.
901 4151 932 4200 L.

201 4219 361 4285 'cataras
378 4221 411 4272 A.
428 4224 457 4272 G.
476 4223 511 4273 D.
529 4225 561 4273 Ε.
580 4224 631 4284 L.;
693 4215 867 4288 ⁴Proaioris.]
886 4218 919 4270 Α.
933 4220 963 4269 C.
981 4218 1017 4269 D.
1028 4220 1061 4268 Ε.
1074 4219 1123 4279 L.;

169 4293 295 4354 orationis,
306 4291 336 4341 S.
659 4305 704 4351 pro
715 4291 837 4352 moribus,
849 4291 877 4340 S.
