<?xml version="1.0" encoding="UTF-8"?>
<!DOCTYPE html PUBLIC "-//W3C//DTD XHTML 1.0 Transitional//EN"
    "http://www.w3.org/TR/xhtml1/DTD/xhtml1-transitional.dtd">
<html xmlns="http://www.w3.org/1999/xhtml" xml:lang="en" lang="en">
 <head>
  <title>
</title>
<meta http-equiv="Content-Type" content="text/html;charset=utf-8" />
  <meta name='ocr-system' content='tesseract 3.04.00' />
  <meta name='ocr-capabilities' content='ocr_page ocr_carea ocr_par ocr_line ocrx_word'/>
</head>
<body>
  <div class='ocr_page' id='page_1' title='image "./willelmimalmesb02willgoog_0141.png"; bbox 0 0 3100 5050; ppageno 0'>
   <div class='ocr_carea' id='block_1_1' title="bbox 152 494 1105 579">
    <p class='ocr_par' dir='ltr' id='par_1_1' title="bbox 152 494 1105 579">
     <span class='ocr_line' id='line_1_1' title="bbox 152 494 1105 579; baseline 0.001 -19"><span class='ocrx_word' id='word_1_1' title='bbox 152 514 222 561; x_wconf 80' lang='lat' dir='ltr'><strong>nra.</strong></span> <span class='ocrx_word' id='word_1_2' title='bbox 244 494 312 579; x_wconf 90' lang='lat' dir='ltr'>1v.]</span> <span class='ocrx_word' id='word_1_3' title='bbox 387 512 500 562; x_wconf 73' lang='lat' dir='ltr'><strong>ensrs</strong></span> <span class='ocrx_word' id='word_1_4' title='bbox 520 512 648 561; x_wconf 80' lang='lat' dir='ltr'><strong>aneon</strong></span> <span class='ocrx_word' id='word_1_5' title='bbox 671 512 887 561; x_wconf 72' lang='lat' dir='ltr'><strong>anctorum.</strong></span> <span class='ocrx_word' id='word_1_6' title='bbox 1040 496 1105 563; x_wconf 79' lang='lat'><strong>521</strong></span> 
     </span>
    </p>
   </div>
   <div class='ocr_carea' id='block_1_2' title="bbox 150 670 1249 3369">
    <p class='ocr_par' dir='ltr' id='par_1_2' title="bbox 150 670 1249 3369">
     <span class='ocr_line' id='line_1_2' title="bbox 151 670 1103 755; baseline 0.003 -21"><span class='ocrx_word' id='word_1_7' title='bbox 151 670 300 749; x_wconf 87' lang='lat' dir='ltr'><strong>falleret,</strong></span> <span class='ocrx_word' id='word_1_8' title='bbox 329 671 421 735; x_wconf 90' lang='lat' dir='ltr'><strong>unde</strong></span> <span class='ocrx_word' id='word_1_9' title='bbox 455 671 614 736; x_wconf 86' lang='lat' dir='ltr'><strong>aviditati</strong></span> <span class='ocrx_word' id='word_1_10' title='bbox 647 670 885 736; x_wconf 86' lang='lat' dir='ltr'><strong>Romanorum</strong></span> <span class='ocrx_word' id='word_1_11' title='bbox 918 671 1103 755; x_wconf 82' lang='lat' dir='ltr'><strong>irreperet3</strong></span> 
     </span>
     <span class='ocr_line' id='line_1_3' title="bbox 152 772 1107 857; baseline 0.003 -22"><span class='ocrx_word' id='word_1_12' title='bbox 152 773 340 857; x_wconf 85' lang='lat' dir='ltr'>pluresque</span> <span class='ocrx_word' id='word_1_13' title='bbox 355 773 403 835; x_wconf 92' lang='lat' dir='ltr'><strong>ibi</strong></span> <span class='ocrx_word' id='word_1_14' title='bbox 419 791 528 836; x_wconf 91' lang='lat' dir='ltr'><strong>annos</strong></span> <span class='ocrx_word' id='word_1_15' title='bbox 544 780 698 836; x_wconf 89' lang='lat' dir='ltr'><strong>moratus</strong></span> <span class='ocrx_word' id='word_1_16' title='bbox 712 772 799 836; x_wconf 91' lang='lat' dir='ltr'>nihil</span> <span class='ocrx_word' id='word_1_17' title='bbox 808 773 991 855; x_wconf 75' lang='lat' dir='ltr'><strong>probitatis</strong></span> <span class='ocrx_word' id='word_1_18' title='bbox 1005 773 1107 838; x_wconf 81' lang='lat' dir='ltr'><strong>exhi·</strong></span> 
     </span>
     <span class='ocr_line' id='line_1_4' title="bbox 151 872 1103 956; baseline 0.002 -19"><span class='ocrx_word' id='word_1_19' title='bbox 151 873 240 938; x_wconf 89' lang='lat' dir='ltr'><strong>buit.</strong></span> <span class='ocrx_word' id='word_1_20' title='bbox 292 872 392 937; x_wconf 88' lang='lat' dir='ltr'><strong>Adeo</strong></span> <span class='ocrx_word' id='word_1_21' title='bbox 419 879 512 938; x_wconf 88' lang='lat' dir='ltr'><strong>tecta</strong></span> <span class='ocrx_word' id='word_1_22' title='bbox 539 874 674 936; x_wconf 86' lang='lat' dir='ltr'><strong>ruinam</strong></span> <span class='ocrx_word' id='word_1_23' title='bbox 702 873 902 937; x_wconf 75' lang='lat' dir='ltr'><strong>minitantia</strong></span> <span class='ocrx_word' id='word_1_24' title='bbox 924 893 1103 956; x_wconf 86' lang='lat' dir='ltr'><strong>nunquam</strong></span> 
     </span>
     <span class='ocr_line' id='line_1_5' title="bbox 150 972 1103 1058; baseline 0 -20"><span class='ocrx_word' id='word_1_25' title='bbox 150 974 306 1057; x_wconf 89' lang='lat' dir='ltr'><strong>periculo</strong></span> <span class='ocrx_word' id='word_1_26' title='bbox 321 972 462 1051; x_wconf 81' lang='lat' dir='ltr'><strong>exemit,</strong></span> <span class='ocrx_word' id='word_1_27' title='bbox 477 974 565 1037; x_wconf 89' lang='lat' dir='ltr'><strong>adeo</strong></span> <span class='ocrx_word' id='word_1_28' title='bbox 587 990 704 1037; x_wconf 87' lang='lat' dir='ltr'><strong>sacras</strong></span> <span class='ocrx_word' id='word_1_29' title='bbox 722 992 806 1057; x_wconf 91' lang='lat' dir='ltr'><strong>opes</strong></span> <span class='ocrx_word' id='word_1_30' title='bbox 823 974 1018 1057; x_wconf 82' lang='lat' dir='ltr'><strong>dilapidans</strong></span> <span class='ocrx_word' id='word_1_31' title='bbox 1041 995 1103 1058; x_wconf 92' lang='lat' dir='ltr'><strong>pe·</strong></span> 
     </span>
     <span class='ocr_line' id='line_1_6' title="bbox 151 1074 1103 1157; baseline 0 -18"><span class='ocrx_word' id='word_1_32' title='bbox 151 1074 291 1139; x_wconf 87' lang='lat' dir='ltr'><strong>culatus</strong></span> <span class='ocrx_word' id='word_1_33' title='bbox 315 1074 444 1139; x_wconf 82' lang='lat' dir='ltr'><strong>crimen</strong></span> <span class='ocrx_word' id='word_1_34' title='bbox 468 1074 625 1153; x_wconf 86' lang='lat' dir='ltr'><strong>incurrit,</strong></span> <span class='ocrx_word' id='word_1_35' title='bbox 655 1075 923 1157; x_wconf 88' lang='lat' dir='ltr'><strong>repetundarum</strong></span> <span class='ocrx_word' id='word_1_36' title='bbox 945 1094 1026 1139; x_wconf 87' lang='lat' dir='ltr'><strong>reus</strong></span> <span class='ocrx_word' id='word_1_37' title='bbox 1047 1074 1103 1140; x_wconf 84' lang='lat' dir='ltr'><strong>fu-</strong></span> 
     </span>
     <span class='ocr_line' id='line_1_7' title="bbox 151 1175 1102 1259; baseline 0.002 -20"><span class='ocrx_word' id='word_1_38' title='bbox 151 1182 252 1239; x_wconf 86' lang='lat' dir='ltr'><strong>turus</strong></span> <span class='ocrx_word' id='word_1_39' title='bbox 287 1176 497 1259; x_wconf 84' lang='lat' dir='ltr'><strong>episeopus3</strong></span> <span class='ocrx_word' id='word_1_40' title='bbox 535 1175 566 1237; x_wconf 92' lang='lat' dir='ltr'><strong>si</strong></span> <span class='ocrx_word' id='word_1_41' title='bbox 596 1181 700 1252; x_wconf 87' lang='lat' dir='ltr'><strong>esset,</strong></span> <span class='ocrx_word' id='word_1_42' title='bbox 731 1182 915 1240; x_wconf 90' lang='lat' dir='ltr'><strong>accusator</strong></span> <span class='ocrx_word' id='word_1_43' title='bbox 945 1183 1102 1259; x_wconf 77' lang='lat' dir='ltr'><strong>paratus</strong></span> 
     </span>
     <span class='ocr_line' id='line_1_8' title="bbox 151 1275 1104 1358; baseline 0.002 -20"><span class='ocrx_word' id='word_1_44' title='bbox 151 1275 348 1341; x_wconf 88' lang='lat' dir='ltr'><strong>Monachos</strong></span> <span class='ocrx_word' id='word_1_45' title='bbox 371 1275 558 1339; x_wconf 80' lang='lat' dir='ltr'><strong>miserabili</strong></span> <span class='ocrx_word' id='word_1_46' title='bbox 583 1276 673 1358; x_wconf 91' lang='lat' dir='ltr'><strong>stipe</strong></span> <span class='ocrx_word' id='word_1_47' title='bbox 692 1275 823 1353; x_wconf 89' lang='lat' dir='ltr'><strong>cibans,</strong></span> <span class='ocrx_word' id='word_1_48' title='bbox 843 1295 908 1340; x_wconf 94' lang='lat' dir='ltr'><strong>nec</strong></span> <span class='ocrx_word' id='word_1_49' title='bbox 932 1276 976 1339; x_wconf 93' lang='lat' dir='ltr'><strong>ad</strong></span> <span class='ocrx_word' id='word_1_50' title='bbox 999 1296 1104 1358; x_wconf 82' lang='lat' dir='ltr'><strong>regu·</strong></span> 
     </span>
     <span class='ocr_line' id='line_1_9' title="bbox 150 1369 1102 1453; baseline 0.002 -14"><span class='ocrx_word' id='word_1_51' title='bbox 150 1376 234 1441; x_wconf 88' lang='lat' dir='ltr'><strong>laris</strong></span> <span class='ocrx_word' id='word_1_52' title='bbox 249 1376 383 1441; x_wconf 82' lang='lat' dir='ltr'><strong>ordinis</strong></span> <span class='ocrx_word' id='word_1_53' title='bbox 397 1394 548 1440; x_wconf 89' lang='lat' dir='ltr'><strong>amorem</strong></span> <span class='ocrx_word' id='word_1_54' title='bbox 565 1375 701 1440; x_wconf 85' lang='lat' dir='ltr'><strong>curavit</strong></span> <span class='ocrx_word' id='word_1_55' title='bbox 717 1369 933 1453; x_wconf 87' lang='lat' dir='ltr'><strong>¹acoendere,</strong></span> <span class='ocrx_word' id='word_1_56' title='bbox 949 1397 1013 1440; x_wconf 89' lang='lat' dir='ltr'><strong>nee</strong></span> <span class='ocrx_word' id='word_1_57' title='bbox 1035 1378 1102 1441; x_wconf 89' lang='lat' dir='ltr'><strong>nisi</strong></span> 
     </span>
     <span class='ocr_line' id='line_1_10' title="bbox 151 1469 1101 1561; baseline 0 -20"><span class='ocrx_word' id='word_1_58' title='bbox 151 1478 194 1541; x_wconf 89' lang='lat' dir='ltr'><strong>ad</strong></span> <span class='ocrx_word' id='word_1_59' title='bbox 219 1477 422 1561; x_wconf 82' lang='lat' dir='ltr'><strong>popularem</strong></span> <span class='ocrx_word' id='word_1_60' title='bbox 449 1476 665 1540; x_wconf 83' lang='lat' dir='ltr'><strong>literaturam</strong></span> <span class='ocrx_word' id='word_1_61' title='bbox 688 1495 814 1558; x_wconf 86' lang='lat' dir='ltr'><strong>passus</strong></span> <span class='ocrx_word' id='word_1_62' title='bbox 836 1486 892 1541; x_wconf 90' lang='lat' dir='ltr'><strong>est</strong></span> <span class='ocrx_word' id='word_1_63' title='bbox 906 1469 1101 1561; x_wconf 82' lang='lat' dir='ltr'><strong>²aspirare3</strong></span> 
     </span>
     <span class='ocr_line' id='line_1_11' title="bbox 151 1570 1101 1660; baseline 0.002 -20"><span class='ocrx_word' id='word_1_64' title='bbox 151 1598 194 1641; x_wconf 92' lang='lat' dir='ltr'><strong>ne</strong></span> <span class='ocrx_word' id='word_1_65' title='bbox 217 1578 276 1643; x_wconf 84' lang='lat' dir='ltr'><strong>vel</strong></span> <span class='ocrx_word' id='word_1_66' title='bbox 301 1578 456 1642; x_wconf 89' lang='lat' dir='ltr'><strong>ciborum</strong></span> <span class='ocrx_word' id='word_1_67' title='bbox 482 1574 661 1642; x_wconf 89' lang='lat' dir='ltr'><strong>affluentia</strong></span> <span class='ocrx_word' id='word_1_68' title='bbox 682 1575 863 1655; x_wconf 89' lang='lat' dir='ltr'><strong>delicatos,</strong></span> <span class='ocrx_word' id='word_1_69' title='bbox 887 1577 944 1642; x_wconf 91' lang='lat' dir='ltr'><strong>vel</strong></span> <span class='ocrx_word' id='word_1_70' title='bbox 970 1570 1101 1660; x_wconf 86' lang='lat' dir='ltr'><strong>re&#39;gulae</strong></span> 
     </span>
     <span class='ocr_line' id='line_1_12' title="bbox 151 1677 1101 1761; baseline 0.001 -19"><span class='ocrx_word' id='word_1_71' title='bbox 151 1680 247 1761; x_wconf 86' lang='lat' dir='ltr'><strong>rigor</strong></span> <span class='ocrx_word' id='word_1_72' title='bbox 271 1686 306 1744; x_wconf 86' lang='lat' dir='ltr'><strong>et</strong></span> <span class='ocrx_word' id='word_1_73' title='bbox 330 1678 484 1742; x_wconf 76' lang='lat' dir='ltr'><strong>scientiae</strong></span> <span class='ocrx_word' id='word_1_74' title='bbox 500 1677 599 1759; x_wconf 85' lang='lat' dir='ltr'><strong>vigor</strong></span> <span class='ocrx_word' id='word_1_75' title='bbox 617 1685 740 1742; x_wconf 89' lang='lat' dir='ltr'><strong>contra</strong></span> <span class='ocrx_word' id='word_1_76' title='bbox 765 1696 803 1741; x_wconf 89' lang='lat' dir='ltr'><strong>se</strong></span> <span class='ocrx_word' id='word_1_77' title='bbox 825 1677 954 1742; x_wconf 85' lang='lat' dir='ltr'><strong>faceret</strong></span> <span class='ocrx_word' id='word_1_78' title='bbox 978 1678 1101 1743; x_wconf 90' lang='lat' dir='ltr'><strong>elatos.</strong></span> 
     </span>
     <span class='ocr_line' id='line_1_13' title="bbox 150 1776 1101 1862; baseline -0.001 -19"><span class='ocrx_word' id='word_1_79' title='bbox 150 1778 297 1862; x_wconf 79' lang='lat' dir='ltr'><strong>Agresti</strong></span> <span class='ocrx_word' id='word_1_80' title='bbox 311 1779 419 1861; x_wconf 85' lang='lat' dir='ltr'><strong>igitur</strong></span> <span class='ocrx_word' id='word_1_81' title='bbox 435 1778 530 1842; x_wconf 87' lang='lat' dir='ltr'><strong>victu</strong></span> <span class='ocrx_word' id='word_1_82' title='bbox 545 1785 581 1841; x_wconf 89' lang='lat' dir='ltr'><strong>et</strong></span> <span class='ocrx_word' id='word_1_83' title='bbox 598 1777 727 1843; x_wconf 80' lang='lat' dir='ltr'><strong>triviali</strong></span> <span class='ocrx_word' id='word_1_84' title='bbox 744 1776 846 1841; x_wconf 87' lang='lat' dir='ltr'><strong>litera</strong></span> <span class='ocrx_word' id='word_1_85' title='bbox 862 1778 1028 1857; x_wconf 89' lang='lat' dir='ltr'><strong>contenti,</strong></span> <span class='ocrx_word' id='word_1_86' title='bbox 1043 1798 1101 1843; x_wconf 86' lang='lat' dir='ltr'><strong>sa·</strong></span> 
     </span>
     <span class='ocr_line' id='line_1_14' title="bbox 151 1878 1102 1961; baseline -0.002 -18"><span class='ocrx_word' id='word_1_87' title='bbox 151 1881 196 1944; x_wconf 92' lang='lat' dir='ltr'><strong>tis</strong></span> <span class='ocrx_word' id='word_1_88' title='bbox 219 1880 396 1943; x_wconf 92' lang='lat' dir='ltr'><strong>habebant</strong></span> <span class='ocrx_word' id='word_1_89' title='bbox 417 1879 446 1942; x_wconf 92' lang='lat' dir='ltr'><strong>si</strong></span> <span class='ocrx_word' id='word_1_90' title='bbox 462 1878 518 1942; x_wconf 89' lang='lat' dir='ltr'><strong>vel</strong></span> <span class='ocrx_word' id='word_1_91' title='bbox 539 1880 663 1944; x_wconf 87' lang='lat' dir='ltr'><strong>saltem</strong></span> <span class='ocrx_word' id='word_1_92' title='bbox 683 1879 793 1961; x_wconf 90' lang='lat' dir='ltr'><strong>quieti</strong></span> <span class='ocrx_word' id='word_1_93' title='bbox 807 1878 925 1942; x_wconf 83' lang='lat' dir='ltr'><strong>vivere</strong></span> <span class='ocrx_word' id='word_1_94' title='bbox 947 1887 1102 1961; x_wconf 88' lang='lat' dir='ltr'><strong>possent.</strong></span> 
     </span>
     <span class='ocr_line' id='line_1_15' title="bbox 153 1977 1134 2061; baseline -0.001 -17"><span class='ocrx_word' id='word_1_95' title='bbox 153 1980 249 2059; x_wconf 84' lang='lat' dir='ltr'><strong>Quin</strong></span> <span class='ocrx_word' id='word_1_96' title='bbox 276 1980 382 2044; x_wconf 90' lang='lat' dir='ltr'><strong>etiam</strong></span> <span class='ocrx_word' id='word_1_97' title='bbox 407 1979 607 2057; x_wconf 88' lang='lat' dir='ltr'><strong>moriturus,</strong></span> <span class='ocrx_word' id='word_1_98' title='bbox 635 1980 736 2061; x_wconf 86' lang='lat' dir='ltr'><strong>parvi</strong></span> <span class='ocrx_word' id='word_1_99' title='bbox 762 1977 894 2042; x_wconf 85' lang='lat' dir='ltr'><strong>faciens</strong></span> <span class='ocrx_word' id='word_1_100' title='bbox 922 1980 1011 2043; x_wconf 89' lang='lat' dir='ltr'><strong>scita</strong></span> <span class='ocrx_word' id='word_1_101' title='bbox 1043 1985 1134 2043; x_wconf 86' lang='lat' dir='ltr'><strong>ca·&#39;</strong></span> 
     </span>
     <span class='ocr_line' id='line_1_16' title="bbox 152 2079 1103 2163; baseline -0.002 -18"><span class='ocrx_word' id='word_1_102' title='bbox 152 2101 283 2145; x_wconf 90' lang='lat' dir='ltr'><strong>nonum</strong></span> <span class='ocrx_word' id='word_1_103' title='bbox 300 2081 426 2163; x_wconf 89' lang='lat' dir='ltr'><strong>quibus</strong></span> <span class='ocrx_word' id='word_1_104' title='bbox 447 2080 592 2143; x_wconf 88' lang='lat' dir='ltr'><strong>edicitur</strong></span> <span class='ocrx_word' id='word_1_105' title='bbox 607 2079 788 2162; x_wconf 88' lang='lat' dir='ltr'><strong>pontifices</strong></span> <span class='ocrx_word' id='word_1_106' title='bbox 809 2080 847 2143; x_wconf 93' lang='lat' dir='ltr'><strong>in</strong></span> <span class='ocrx_word' id='word_1_107' title='bbox 868 2079 941 2143; x_wconf 92' lang='lat' dir='ltr'><strong>suis</strong></span> <span class='ocrx_word' id='word_1_108' title='bbox 963 2080 1103 2143; x_wconf 90' lang='lat' dir='ltr'><strong>sedibus</strong></span> 
     </span>
     <span class='ocr_line' id='line_1_17' title="bbox 152 2179 1104 2265; baseline -0.002 -20"><span class='ocrx_word' id='word_1_109' title='bbox 152 2180 294 2265; x_wconf 89' lang='lat' dir='ltr'><strong>sepeliri</strong></span> <span class='ocrx_word' id='word_1_110' title='bbox 307 2179 443 2257; x_wconf 89' lang='lat' dir='ltr'><strong>debere,</strong></span> <span class='ocrx_word' id='word_1_111' title='bbox 458 2198 528 2243; x_wconf 93' lang='lat' dir='ltr'><strong>non</strong></span> <span class='ocrx_word' id='word_1_112' title='bbox 549 2179 641 2262; x_wconf 91' lang='lat' dir='ltr'><strong>apud</strong></span> <span class='ocrx_word' id='word_1_113' title='bbox 658 2179 828 2257; x_wconf 87' lang='lat' dir='ltr'><strong>Gestram,</strong></span> <span class='ocrx_word' id='word_1_114' title='bbox 842 2180 903 2243; x_wconf 90' lang='lat' dir='ltr'><strong>sed</strong></span> <span class='ocrx_word' id='word_1_115' title='bbox 925 2179 1017 2263; x_wconf 89' lang='lat' dir='ltr'><strong>apud</strong></span> <span class='ocrx_word' id='word_1_116' title='bbox 1034 2179 1104 2243; x_wconf 85' lang='lat' dir='ltr'><strong>Co·</strong></span> 
     </span>
     <span class='ocr_line' id='line_1_18' title="bbox 153 2279 1105 2363; baseline -0.003 -17"><span class='ocrx_word' id='word_1_117' title='bbox 153 2282 347 2347; x_wconf 82' lang='lat' dir='ltr'><strong>ventreiam</strong></span> <span class='ocrx_word' id='word_1_118' title='bbox 373 2300 411 2345; x_wconf 89' lang='lat' dir='ltr'><strong>se</strong></span> <span class='ocrx_word' id='word_1_119' title='bbox 432 2279 639 2345; x_wconf 87' lang='lat' dir='ltr'><strong>tumulatum</strong></span> <span class='ocrx_word' id='word_1_120' title='bbox 665 2281 708 2344; x_wconf 91' lang='lat' dir='ltr'><strong>iri</strong></span> <span class='ocrx_word' id='word_1_121' title='bbox 730 2281 918 2363; x_wconf 77' lang='lat' dir='ltr'><strong>praecepit3</strong></span> <span class='ocrx_word' id='word_1_122' title='bbox 940 2299 1005 2343; x_wconf 88' lang='lat' dir='ltr'><strong>sna</strong></span> <span class='ocrx_word' id='word_1_123' title='bbox 1029 2279 1105 2363; x_wconf 90' lang='lat' dir='ltr'><strong>opi-</strong></span> 
     </span>
     <span class='ocr_line' id='line_1_19' title="bbox 153 2381 1105 2465; baseline -0.003 -18"><span class='ocrx_word' id='word_1_124' title='bbox 153 2384 257 2447; x_wconf 91' lang='lat' dir='ltr'><strong>nione</strong></span> <span class='ocrx_word' id='word_1_125' title='bbox 280 2382 478 2465; x_wconf 92' lang='lat' dir='ltr'><strong>relinquens</strong></span> <span class='ocrx_word' id='word_1_126' title='bbox 502 2381 713 2446; x_wconf 86' lang='lat' dir='ltr'><strong>successuris</strong></span> <span class='ocrx_word' id='word_1_127' title='bbox 738 2400 808 2444; x_wconf 95' lang='lat' dir='ltr'><strong>non</strong></span> <span class='ocrx_word' id='word_1_128' title='bbox 832 2381 1023 2445; x_wconf 90' lang='lat' dir='ltr'><strong>indebitum</strong></span> <span class='ocrx_word' id='word_1_129' title='bbox 1046 2398 1105 2444; x_wconf 88' lang='lat' dir='ltr'><strong>ca-</strong></span> 
     </span>
     <span class='ocr_line' id='line_1_20' title="bbox 153 2480 1064 2568; baseline -0.001 -20"><span class='ocrx_word' id='word_1_130' title='bbox 153 2483 360 2561; x_wconf 90' lang='lat' dir='ltr'><strong>lumniandi,</strong></span> <span class='ocrx_word' id='word_1_131' title='bbox 375 2483 436 2547; x_wconf 89' lang='lat' dir='ltr'><strong>sed</strong></span> <span class='ocrx_word' id='word_1_132' title='bbox 453 2481 554 2564; x_wconf 90' lang='lat' dir='ltr'><strong>quasi</strong></span> <span class='ocrx_word' id='word_1_133' title='bbox 566 2482 626 2568; x_wconf 89' lang='lat' dir='ltr'><strong>jus</strong></span> <span class='ocrx_word' id='word_1_134' title='bbox 643 2480 837 2565; x_wconf 84' lang='lat' dir='ltr'><strong>legitimum</strong></span> <span class='ocrx_word' id='word_1_135' title='bbox 852 2480 1064 2548; x_wconf 82' lang='lat' dir='ltr'><strong>vindicandi.</strong></span> 
     </span>
     <span class='ocr_line' id='line_1_21' title="bbox 203 2581 1249 2691; baseline -0.005 -42"><span class='ocrx_word' id='word_1_136' title='bbox 203 2583 314 2670; x_wconf 63' lang='lat'><strong>5342.</strong></span> <span class='ocrx_word' id='word_1_137' title='bbox 338 2583 410 2647; x_wconf 91' lang='lat' dir='ltr'><strong>Hic</strong></span> <span class='ocrx_word' id='word_1_138' title='bbox 429 2583 566 2646; x_wconf 87' lang='lat' dir='ltr'><strong>occasio</strong></span> <span class='ocrx_word' id='word_1_139' title='bbox 587 2590 783 2666; x_wconf 87' lang='lat' dir='ltr'><strong>temporum</strong></span> <span class='ocrx_word' id='word_1_140' title='bbox 800 2581 969 2648; x_wconf 86' lang='lat' dir='ltr'><strong>Willelmi</strong></span> <span class='ocrx_word' id='word_1_141' title='bbox 990 2589 1104 2652; x_wconf 88' lang='lat' dir='ltr'><strong>trans·</strong></span> <span class='ocrx_word' id='word_1_142' title='bbox 1116 2597 1249 2691; x_wconf 55' lang='lat' dir='ltr'><strong>fflffl‘</strong></span> 
     </span>
     <span class='ocr_line' id='line_1_22' title="bbox 152 2676 1240 2766; baseline 0 -18"><span class='ocrx_word' id='word_1_143' title='bbox 152 2684 321 2751; x_wconf 88' lang='lat' dir='ltr'><strong>lationem</strong></span> <span class='ocrx_word' id='word_1_144' title='bbox 349 2682 540 2765; x_wconf 84' lang='lat' dir='ltr'><strong>Augustini</strong></span> <span class='ocrx_word' id='word_1_145' title='bbox 569 2683 879 2766; x_wconf 81' lang='lat' dir='ltr'><strong>praecellentissimi</strong></span> <span class='ocrx_word' id='word_1_146' title='bbox 909 2681 1105 2764; x_wconf 82' lang='lat' dir='ltr'><strong>Anglornm</strong></span> <span class='ocrx_word' id='word_1_147' title='bbox 1142 2678 1147 2690; x_wconf 86' lang='lat'>&#39;</span> <span class='ocrx_word' id='word_1_148' title='bbox 1233 2676 1240 2689; x_wconf 65' lang='lat'><em>⁶</em></span> 
     </span>
     <span class='ocr_line' id='line_1_23' title="bbox 154 2783 1105 2869; baseline -0.003 -20"><span class='ocrx_word' id='word_1_149' title='bbox 154 2786 307 2869; x_wconf 94' lang='lat' dir='ltr'><strong>apostoli</strong></span> <span class='ocrx_word' id='word_1_150' title='bbox 321 2804 399 2849; x_wconf 89' lang='lat' dir='ltr'><strong>cum</strong></span> <span class='ocrx_word' id='word_1_151' title='bbox 413 2784 516 2848; x_wconf 89' lang='lat' dir='ltr'><strong>sociis</strong></span> <span class='ocrx_word' id='word_1_152' title='bbox 531 2785 603 2847; x_wconf 89' lang='lat' dir='ltr'><strong>suis</strong></span> <span class='ocrx_word' id='word_1_153' title='bbox 621 2783 751 2867; x_wconf 85' lang='lat' dir='ltr'><strong>exponi</strong></span> <span class='ocrx_word' id='word_1_154' title='bbox 767 2783 950 2862; x_wconf 90' lang='lat' dir='ltr'><strong>animaret,</strong></span> <span class='ocrx_word' id='word_1_155' title='bbox 963 2784 1030 2847; x_wconf 87' lang='lat' dir='ltr'><strong>nisi</strong></span> <span class='ocrx_word' id='word_1_156' title='bbox 1044 2802 1105 2866; x_wconf 89' lang='lat' dir='ltr'><strong>pe-</strong></span> 
     </span>
     <span class='ocr_line' id='line_1_24' title="bbox 153 2879 1179 2975; baseline -0.003 -25"><span class='ocrx_word' id='word_1_157' title='bbox 153 2887 311 2950; x_wconf 86' lang='lat' dir='ltr'><strong>ritissimi</strong></span> <span class='ocrx_word' id='word_1_158' title='bbox 326 2879 523 2950; x_wconf 83' lang='lat' dir='ltr'><strong>³Goscelini</strong></span> <span class='ocrx_word' id='word_1_159' title='bbox 537 2885 775 2967; x_wconf 81' lang='lat' dir='ltr'><strong>praecurrisset</strong></span> <span class='ocrx_word' id='word_1_160' title='bbox 790 2884 987 2967; x_wconf 83' lang='lat' dir='ltr'><strong>ingeninm3</strong></span> <span class='ocrx_word' id='word_1_161' title='bbox 1011 2882 1104 2948; x_wconf 91' lang='lat' dir='ltr'><strong>Gos·</strong></span> <span class='ocrx_word' id='word_1_162' title='bbox 1174 2967 1179 2975; x_wconf 85' lang='lat'><strong>.</strong></span> 
     </span>
     <span class='ocr_line' id='line_1_25' title="bbox 154 2983 1106 3068; baseline -0.004 -17"><span class='ocrx_word' id='word_1_163' title='bbox 154 2988 271 3065; x_wconf 88' lang='lat' dir='ltr'><strong>celini,</strong></span> <span class='ocrx_word' id='word_1_164' title='bbox 306 2987 379 3068; x_wconf 92' lang='lat' dir='ltr'><strong>qui,</strong></span> <span class='ocrx_word' id='word_1_165' title='bbox 405 2984 595 3050; x_wconf 86' lang='lat' dir='ltr'><strong>monachus</strong></span> <span class='ocrx_word' id='word_1_166' title='bbox 622 2983 665 3048; x_wconf 90' lang='lat' dir='ltr'><strong>de</strong></span> <span class='ocrx_word' id='word_1_167' title='bbox 690 2991 813 3048; x_wconf 91' lang='lat' dir='ltr'><strong>sancto</strong></span> <span class='ocrx_word' id='word_1_168' title='bbox 841 2985 997 3062; x_wconf 90' lang='lat' dir='ltr'><strong>Bertino,</strong></span> <span class='ocrx_word' id='word_1_169' title='bbox 1026 3001 1106 3048; x_wconf 90' lang='lat' dir='ltr'><strong>cum</strong></span> 
     </span>
     <span class='ocr_line' id='line_1_26' title="bbox 155 3082 1105 3169; baseline -0.003 -19"><span class='ocrx_word' id='word_1_170' title='bbox 155 3086 384 3153; x_wconf 88' lang='lat' dir='ltr'><strong>Heremanno</strong></span> <span class='ocrx_word' id='word_1_171' title='bbox 410 3086 573 3169; x_wconf 89' lang='lat' dir='ltr'><strong>episeopo</strong></span> <span class='ocrx_word' id='word_1_172' title='bbox 605 3083 802 3148; x_wconf 83' lang='lat' dir='ltr'><strong>Salesbiriae</strong></span> <span class='ocrx_word' id='word_1_173' title='bbox 830 3083 1003 3169; x_wconf 88' lang='lat' dir='ltr'><strong>quondam</strong></span> <span class='ocrx_word' id='word_1_174' title='bbox 1030 3082 1105 3148; x_wconf 86' lang='lat' dir='ltr'><strong>An-</strong></span> 
     </span>
     <span class='ocr_line' id='line_1_27' title="bbox 154 3184 1107 3270; baseline -0.003 -19"><span class='ocrx_word' id='word_1_175' title='bbox 154 3189 263 3270; x_wconf 83' lang='lat' dir='ltr'><strong>gliam</strong></span> <span class='ocrx_word' id='word_1_176' title='bbox 277 3192 432 3264; x_wconf 87' lang='lat' dir='ltr'><strong>venerat,</strong></span> <span class='ocrx_word' id='word_1_177' title='bbox 446 3184 593 3269; x_wconf 82' lang='lat' dir='ltr'><strong>insignis</strong></span> <span class='ocrx_word' id='word_1_178' title='bbox 616 3185 794 3249; x_wconf 87' lang='lat' dir='ltr'><strong>literarum</strong></span> <span class='ocrx_word' id='word_1_179' title='bbox 812 3192 848 3250; x_wconf 88' lang='lat' dir='ltr'><strong>et</strong></span> <span class='ocrx_word' id='word_1_180' title='bbox 861 3192 1027 3250; x_wconf 84' lang='lat' dir='ltr'><strong>cantuum</strong></span> <span class='ocrx_word' id='word_1_181' title='bbox 1045 3205 1107 3268; x_wconf 90' lang='lat' dir='ltr'><strong>pe·</strong></span> 
     </span>
     <span class='ocr_line' id='line_1_28' title="bbox 154 3285 1108 3369; baseline -0.005 -16"><span class='ocrx_word' id='word_1_182' title='bbox 154 3290 250 3353; x_wconf 86' lang='lat' dir='ltr'><strong>ritia.</strong></span> <span class='ocrx_word' id='word_1_183' title='bbox 302 3287 353 3366; x_wconf 93' lang='lat' dir='ltr'><strong>Is,</strong></span> <span class='ocrx_word' id='word_1_184' title='bbox 370 3287 479 3350; x_wconf 90' lang='lat' dir='ltr'><strong>multo</strong></span> <span class='ocrx_word' id='word_1_185' title='bbox 503 3287 722 3369; x_wconf 85' lang='lat' dir='ltr'><strong>episcopatus</strong></span> <span class='ocrx_word' id='word_1_186' title='bbox 740 3292 775 3350; x_wconf 90' lang='lat' dir='ltr'><strong>et</strong></span> <span class='ocrx_word' id='word_1_187' title='bbox 795 3286 953 3351; x_wconf 87' lang='lat' dir='ltr'><strong>abbatias</strong></span> <span class='ocrx_word' id='word_1_188' title='bbox 972 3285 1108 3369; x_wconf 88' lang='lat' dir='ltr'><strong>perlus-</strong></span> 
     </span>
    </p>
   </div>
   <div class='ocr_carea' id='block_1_3' title="bbox 155 3378 1109 3774">
    <p class='ocr_par' dir='ltr' id='par_1_3' title="bbox 155 3378 1109 3774">
     <span class='ocr_line' id='line_1_29' title="bbox 155 3378 1106 3470; baseline -0.004 -17"><span class='ocrx_word' id='word_1_189' title='bbox 155 3398 254 3454; x_wconf 87' lang='lat' dir='ltr'><strong>trans</strong></span> <span class='ocrx_word' id='word_1_190' title='bbox 284 3395 450 3470; x_wconf 90' lang='lat' dir='ltr'><strong>tempore‚</strong></span> <span class='ocrx_word' id='word_1_191' title='bbox 477 3386 654 3470; x_wconf 90' lang='lat' dir='ltr'><strong>praeclarae</strong></span> <span class='ocrx_word' id='word_1_192' title='bbox 681 3387 835 3450; x_wconf 87' lang='lat' dir='ltr'><strong>scientiae</strong></span> <span class='ocrx_word' id='word_1_193' title='bbox 858 3378 994 3450; x_wconf 78' lang='lat' dir='ltr'><strong>⁴multis</strong></span> <span class='ocrx_word' id='word_1_194' title='bbox 1021 3386 1106 3450; x_wconf 89' lang='lat' dir='ltr'><strong>locis</strong></span> 
     </span>
     <span class='ocr_line' id='line_1_30' title="bbox 156 3483 1107 3568; baseline -0.006 -14"><span class='ocrx_word' id='word_1_195' title='bbox 156 3496 382 3556; x_wconf 88' lang='lat' dir='ltr'><strong>monumenta</strong></span> <span class='ocrx_word' id='word_1_196' title='bbox 396 3488 502 3564; x_wconf 92' lang='lat' dir='ltr'><strong>dedit,</strong></span> <span class='ocrx_word' id='word_1_197' title='bbox 516 3488 552 3551; x_wconf 92' lang='lat' dir='ltr'><strong>in</strong></span> <span class='ocrx_word' id='word_1_198' title='bbox 571 3487 730 3550; x_wconf 90' lang='lat' dir='ltr'><strong>laudibus</strong></span> <span class='ocrx_word' id='word_1_199' title='bbox 753 3492 952 3550; x_wconf 89' lang='lat' dir='ltr'><strong>sanctorum</strong></span> <span class='ocrx_word' id='word_1_200' title='bbox 966 3483 1107 3568; x_wconf 82' lang='lat' dir='ltr'><strong>Angliae</strong></span> 
     </span>
     <span class='ocr_line' id='line_1_31' title="bbox 156 3585 1109 3672; baseline -0.006 -18"><span class='ocrx_word' id='word_1_201' title='bbox 156 3585 264 3654; x_wconf 86' lang='lat' dir='ltr'><strong>⁵nulli</strong></span> <span class='ocrx_word' id='word_1_202' title='bbox 296 3596 377 3672; x_wconf 91' lang='lat' dir='ltr'><strong>post</strong></span> <span class='ocrx_word' id='word_1_203' title='bbox 411 3587 542 3652; x_wconf 90' lang='lat' dir='ltr'><strong>Bedam</strong></span> <span class='ocrx_word' id='word_1_204' title='bbox 572 3586 754 3652; x_wconf 89' lang='lat' dir='ltr'><strong>secundus.</strong></span> <span class='ocrx_word' id='word_1_205' title='bbox 822 3586 968 3650; x_wconf 86' lang='lat' dir='ltr'><strong>Musicae</strong></span> <span class='ocrx_word' id='word_1_206' title='bbox 1004 3603 1109 3668; x_wconf 86' lang='lat' dir='ltr'><strong>porro</strong></span> 
     </span>
     <span class='ocr_line' id='line_1_32' title="bbox 155 3685 1108 3774; baseline -0.007 -19"><span class='ocrx_word' id='word_1_207' title='bbox 155 3691 310 3774; x_wconf 87' lang='lat' dir='ltr'><strong>palmam</strong></span> <span class='ocrx_word' id='word_1_208' title='bbox 342 3696 422 3772; x_wconf 92' lang='lat' dir='ltr'><strong>post</strong></span> <span class='ocrx_word' id='word_1_209' title='bbox 443 3687 637 3753; x_wconf 88' lang='lat' dir='ltr'><strong>Osbernum</strong></span> <span class='ocrx_word' id='word_1_210' title='bbox 661 3687 819 3770; x_wconf 90' lang='lat' dir='ltr'><strong>adeptus.</strong></span> <span class='ocrx_word' id='word_1_211' title='bbox 872 3687 1033 3770; x_wconf 90' lang='lat' dir='ltr'><strong>Denique</strong></span> <span class='ocrx_word' id='word_1_212' title='bbox 1054 3685 1108 3750; x_wconf 93' lang='lat' dir='ltr'><strong>in·</strong></span> 
     </span>
    </p>
   </div>
   <div class='ocr_carea' id='block_1_4' title="bbox 157 3988 1115 4410">
    <p class='ocr_par' dir='ltr' id='par_1_4' title="bbox 157 3988 1113 4126">
     <span class='ocr_line' id='line_1_33' title="bbox 206 3988 1113 4062; baseline -0.006 -17"><span class='ocrx_word' id='word_1_213' title='bbox 206 3992 213 4023; x_wconf 93' lang='lat'>¹</span> <span class='ocrx_word' id='word_1_214' title='bbox 224 3988 391 4062; x_wconf 74' lang='lat' dir='ltr'><strong>Accendera]</strong></span> <span class='ocrx_word' id='word_1_215' title='bbox 420 3993 454 4044; x_wconf 79' lang='lat' dir='ltr'><strong>A.</strong></span> <span class='ocrx_word' id='word_1_216' title='bbox 474 3996 504 4043; x_wconf 82' lang='lat' dir='ltr'><strong>C.</strong></span> <span class='ocrx_word' id='word_1_217' title='bbox 522 3993 555 4044; x_wconf 83' lang='grc' dir='ltr'><strong>Ε.</strong></span> <span class='ocrx_word' id='word_1_218' title='bbox 575 3993 605 4044; x_wconf 75' lang='lat' dir='ltr'><strong>L.</strong></span> <span class='ocrx_word' id='word_1_219' title='bbox 617 4007 624 4055; x_wconf 74' lang='grc' dir='ltr'><strong>ς</strong></span> <span class='ocrx_word' id='word_1_220' title='bbox 649 3994 671 4042; x_wconf 90' lang='lat' dir='ltr'><strong>is</strong></span> <span class='ocrx_word' id='word_1_221' title='bbox 683 3993 784 4054; x_wconf 89' lang='lat' dir='ltr'><strong>printed</strong></span> <span class='ocrx_word' id='word_1_222' title='bbox 794 3992 821 4040; x_wconf 92' lang='lat' dir='ltr'><strong>in</strong></span> <span class='ocrx_word' id='word_1_223' title='bbox 831 3992 874 4040; x_wconf 84' lang='lat' dir='ltr'><strong>the</strong></span> <span class='ocrx_word' id='word_1_224' title='bbox 881 3991 948 4041; x_wconf 80' lang='lat' dir='ltr'><strong>Aeta</strong></span> <span class='ocrx_word' id='word_1_225' title='bbox 955 3992 1113 4055; x_wconf 83' lang='lat' dir='ltr'><strong>Sanctorum,</strong></span> 
     </span>
     <span class='ocr_line' id='line_1_34' title="bbox 157 4063 912 4126; baseline -0.004 -11"><span class='ocrx_word' id='word_1_226' title='bbox 157 4067 298 4126; x_wconf 87' lang='lat' dir='ltr'><strong>attendere,</strong></span> <span class='ocrx_word' id='word_1_227' title='bbox 310 4065 339 4116; x_wconf 75' lang='lat' dir='ltr'><strong>S.</strong></span> <span class='ocrx_word' id='word_1_228' title='bbox 649 4063 912 4124; x_wconf 60' lang='lat' dir='ltr'><strong>Antwerpaantni.</strong></span> 
     </span>
    </p>

    <p class='ocr_par' dir='ltr' id='par_1_5' title="bbox 160 4131 1115 4410">
     <span class='ocr_line' id='line_1_35' title="bbox 193 4131 1113 4200; baseline -0.002 -16"><span class='ocrx_word' id='word_1_229' title='bbox 193 4133 358 4200; x_wconf 60' lang='lat' dir='ltr'><strong>anaema]</strong></span> <span class='ocrx_word' id='word_1_230' title='bbox 379 4133 412 4184; x_wconf 78' lang='lat' dir='ltr'><strong>s.</strong></span> <span class='ocrx_word' id='word_1_231' title='bbox 425 4136 457 4187; x_wconf 86' lang='lat' dir='ltr'><strong>c.</strong></span> <span class='ocrx_word' id='word_1_232' title='bbox 473 4135 506 4185; x_wconf 83' lang='lat' dir='ltr'><strong>a.</strong></span> <span class='ocrx_word' id='word_1_233' title='bbox 518 4134 567 4198; x_wconf 80' lang='lat' dir='ltr'><strong>n.;</strong></span> <span class='ocrx_word' id='word_1_234' title='bbox 584 4147 624 4183; x_wconf 74' lang='lat' dir='ltr'><strong>as.</strong></span> <span class='ocrx_word' id='word_1_235' title='bbox 684 4131 819 4196; x_wconf 68' lang='lat' dir='ltr'><strong>maura]</strong></span> <span class='ocrx_word' id='word_1_236' title='bbox 836 4131 865 4183; x_wconf 84' lang='lat' dir='ltr'><strong>s.</strong></span> <span class='ocrx_word' id='word_1_237' title='bbox 878 4132 913 4183; x_wconf 88' lang='lat' dir='ltr'><strong>n.</strong></span> <span class='ocrx_word' id='word_1_238' title='bbox 926 4131 976 4194; x_wconf 83' lang='lat' dir='ltr'><strong>n.;</strong></span> <span class='ocrx_word' id='word_1_239' title='bbox 987 4132 1113 4196; x_wconf 81' lang='lat' dir='ltr'><strong>pluribus,</strong></span> 
     </span>
     <span class='ocr_line' id='line_1_36' title="bbox 160 4204 1115 4344; baseline -0.013 -18"><span class='ocrx_word' id='word_1_240' title='bbox 160 4206 372 4344; x_wconf 46' lang='lat' dir='ltr'><strong>oegdgrimgini.]</strong></span> <span class='ocrx_word' id='word_1_241' title='bbox 391 4275 533 4325; x_wconf 87' lang='lat' dir='ltr'><strong>Goscelin’s</strong></span> <span class='ocrx_word' id='word_1_242' title='bbox 552 4275 625 4323; x_wconf 80' lang='lat' dir='ltr'><strong>‘Lite</strong></span> <span class='ocrx_word' id='word_1_243' title='bbox 650 4204 696 4301; x_wconf 29' lang='lat' dir='ltr'><strong>L}</strong></span> <span class='ocrx_word' id='word_1_244' title='bbox 709 4271 803 4335; x_wconf 68' lang='lat' dir='ltr'><strong>Noua]</strong></span> <span class='ocrx_word' id='word_1_245' title='bbox 827 4273 861 4324; x_wconf 78' lang='lat' dir='ltr'><strong>A.</strong></span> <span class='ocrx_word' id='word_1_246' title='bbox 875 4273 904 4323; x_wconf 87' lang='lat' dir='ltr'><strong>C.</strong></span> <span class='ocrx_word' id='word_1_247' title='bbox 918 4272 953 4323; x_wconf 84' lang='lat' dir='ltr'><strong>D.</strong></span> <span class='ocrx_word' id='word_1_248' title='bbox 971 4273 1020 4334; x_wconf 82' lang='lat' dir='ltr'><strong>E.;</strong></span> <span class='ocrx_word' id='word_1_249' title='bbox 1041 4274 1115 4322; x_wconf 89' lang='lat' dir='ltr'><strong>omit.</strong></span> 
     </span>
     <span class='ocr_line' id='line_1_37' title="bbox 160 4343 815 4410; baseline -0.005 -13"><span class='ocrx_word' id='word_1_250' title='bbox 160 4348 212 4397; x_wconf 86' lang='lat' dir='ltr'><strong>and</strong></span> <span class='ocrx_word' id='word_1_251' title='bbox 220 4347 381 4397; x_wconf 87' lang='lat' dir='ltr'><strong>Translation</strong></span> <span class='ocrx_word' id='word_1_252' title='bbox 392 4343 421 4395; x_wconf 84' lang='lat' dir='ltr'><strong>oi</strong></span> <span class='ocrx_word' id='word_1_253' title='bbox 428 4346 465 4396; x_wconf 88' lang='lat' dir='ltr'><strong>st.</strong></span> <span class='ocrx_word' id='word_1_254' title='bbox 474 4345 626 4410; x_wconf 79' lang='lat' dir='ltr'><strong>Augustine’</strong></span> <span class='ocrx_word' id='word_1_255' title='bbox 650 4344 692 4393; x_wconf 90' lang='lat' dir='ltr'><strong>ted</strong></span> <span class='ocrx_word' id='word_1_256' title='bbox 704 4344 730 4392; x_wconf 93' lang='lat' dir='ltr'><strong>in</strong></span> <span class='ocrx_word' id='word_1_257' title='bbox 742 4343 770 4393; x_wconf 83' lang='lat' dir='ltr'><strong>S.</strong></span> <span class='ocrx_word' id='word_1_258' title='bbox 784 4343 815 4394; x_wconf 86' lang='lat' dir='ltr'><strong>L.</strong></span> 
     </span>
    </p>
   </div>
   <div class='ocr_carea' id='block_1_5' title="bbox 0 0 1559 5050">
    <p class='ocr_par' dir='ltr' id='par_1_6' title="bbox 0 0 1559 5050">
     <span class='ocr_line' id='line_1_38' title="bbox 0 0 1559 5050; baseline 0 0"><span class='ocrx_word' id='word_1_259' title='bbox 0 0 1559 5050; x_wconf 95' lang='lat' dir='ltr'><strong> </strong></span> 
     </span>
    </p>
   </div>
  </div>
 </body>
</html>
