3100 5050
448 513 514 577 516
662 528 775 577 onsra
800 528 926 576 aucun
951 528 1166 577 nuouoauu.
1248 514 1399 595 [maru.

286 708 436 769 osannae
444 687 519 771 Jam
538 706 599 769 per
620 706 698 750 eum
728 686 843 763 factae,
872 694 1003 769 septem
1032 696 1169 771 eoeptae.
1233 687 1292 751 Ita
1313 687 1400 769 ipse,

287 758 403 849 ocpgprpnn
449 806 574 851 resona
595 786 662 851 Dei
686 787 782 863 tuba,
806 787 1067 869 circumpositos
1093 797 1167 852 tum
1184 789 1302 865 verbo,
1326 794 1400 851 tum

449 887 620 970 exemplo,
634 888 670 951 in
685 887 812 951 coelum
827 886 957 969 dirigit,
974 888 1061 951 nihil
1077 888 1167 952 infra
1186 895 1399 971 praeceptum

449 986 599 1052 faciens:
635 1006 793 1052 sermone
818 989 937 1065 comis,
963 987 1051 1051 facie
1072 987 1258 1072 jocundus,
1282 989 1400 1052 animo

450 1107 585 1170 semper
599 1088 635 1151 in
653 1087 805 1152 Domino
821 1087 935 1151 laetus.
988 1087 1084 1152 Hinc
1101 1089 1217 1172 palam
1239 1087 1400 1171 praeclari

451 1187 568 1251 vultus
588 1188 764 1267 gaudium,
779 1187 859 1251 binc
874 1187 975 1264 clam,
989 1187 1076 1252 iflud
1095 1190 1243 1271 desuper
1256 1189 1400 1253 veniens

449 1286 636 1369 irriguum3
660 1288 754 1370 quia,
776 1288 965 1351 incolatum
986 1289 1093 1352 istum
1121 1288 1315 1365 fastidiens
1338 1308 1400 1370 pa-

450 1388 553 1452 triam
578 1388 743 1453 continuo
776 1406 893 1452 amore
918 1388 1100 1453 desideret.
1153 1389 1223 1471 Per
1244 1388 1321 1453 baec
1342 1387 1400 1451 'fa-

451 1488 614 1554 vorabilis
629 1489 762 1553 cunctis
781 1488 938 1565 babetur,
955 1489 1038 1570 quia
1052 1487 1150 1553 Deus
1165 1509 1316 1553 amorem
1335 1489 1401 1553 viri

449 1608 551 1671 quem
576 1588 690 1670 diligit
710 1588 747 1651 in
778 1589 911 1652 animos
936 1588 1113 1653 hominum
1140 1589 1327 1672 dignanter
1349 1609 1402 1653 re·

447 1687 549 1753 fudit.
602 1687 775 1767 Quocirca
789 1689 929 1752 beatum
944 1708 981 1753 se
995 1697 1175 1773 computat
1188 1698 1291 1754 terrae
1305 1689 1399 1753 illius

447 1788 612 1871 indigena
622 1788 779 1872 quisquis
795 1809 858 1871 per
871 1789 965 1853 illius
980 1809 1120 1854 manum
1135 1791 1300 1872 pecunias
1317 1808 1399 1855 suas

450 1889 652 1954 transmittit
678 1882 737 1952 ¹ad
764 1888 890 1953 Deum.
943 1889 1052 1953 Plura
1077 1890 1215 1972 quidem
1247 1889 1307 1954 ille
1342 1910 1400 1955 ac·

448 1989 554 2072 cipit;
587 1989 658 2066 sed,
684 1990 804 2072 paucis
829 1990 866 2053 in
889 2008 971 2054 suos
994 2009 1204 2073 suorumque
1229 2010 1314 2055 usus
1337 2010 1399 2053 ex-

448 2090 577 2171 pensis,
592 2097 720 2154 cactera
733 2090 769 2154 in
783 2108 911 2171 egenos
929 2097 965 2154 et
979 2092 1267 2155 monasteriorum
1289 2089 1399 2154 aedifi-

448 2190 619 2253 cationem
635 2190 815 2254 confestim
830 2190 999 2273 dispertit.
1041 2192 1106 2255 Est
1122 2192 1215 2256 enim
1230 2190 1399 2273 Stephani

448 2290 660 2372 marsupium
674 2291 827 2354 omnium
840 2291 1013 2372 egentium
1028 2292 1204 2374 publicum
1226 2292 1398 2355 aerarium.

448 2387 680 2455 Abstinentiae
708 2390 802 2454 illius
826 2398 880 2454 est
904 2390 1082 2470 indicium,
1109 2392 1203 2475 quod
1230 2391 1317 2455 nihil
1339 2391 1399 2469 ibi,
1528 2409 1529 2450 l

345 2476 348 2485 ⁴
449 2490 539 2555 sicut
560 2491 745 2556 incaeteris
766 2490 945 2569 eoenobiis,
961 2491 1080 2557 videas
1101 2492 1280 2576 fulgurare
1299 2489 1398 2570 auro,

449 2590 603 2656 renidere
627 2610 774 2672 gemma,
795 2591 922 2656 micare
944 2600 1111 2673 argent03
1139 2589 1232 2672 nam,
1247 2601 1287 2657 ut
1303 2592 1398 2657 Gen·
1528 2646 1529 2673 ἶ

448 2691 520 2754 tilis
544 2693 606 2769 ait,
624 2692 682 2755 ‘in
709 2698 830 2756 sancto
846 2692 928 2774 quid
951 2690 1035 2756 facit
1056 2693 1217 2758 auruml'
1262 2693 1340 2758 Nos
1362 2694 1398 2756 iu

448 2791 594 2855 sacratis
610 2792 703 2857 vasis
729 2811 851 2874 parum
872 2799 1035 2874 putamus
1061 2801 1178 2874 actum
1197 2794 1264 2857 nisi
1289 2794 1399 2858 crassi
1528 2840 1529 2919 p

448 2899 600 2956 crustam
617 2891 749 2956 metalli
762 2892 943 2956 obumbret
959 2891 1068 2956 honor
1088 2893 1253 2977 lapidum,
1269 2895 1327 2958 vel
1345 2901 1397 2958 to·
1443 2972 1445 2977 Ι
1528 2934 1529 3007 p

447 2993 625 3073 paziorum
640 2992 790 3069 flamma,
801 2991 858 3057 vel
873 2993 1110 3057 ametistorum
1120 2994 1226 3071 viola,
1237 2993 1293 3058 vel
1305 3013 1396 3058 sma-
1528 3010 1529 3093 p

448 3092 634 3174 ragdorum
655 3092 718 3156 lux
737 3091 898 3171 herbida3
923 3093 990 3156 nisi
1012 3096 1138 3158 tunicae
1162 3093 1397 3158 sacerdotales
1528 3102 1529 3183 l

448 3209 532 3255 auro
547 3193 691 3270 ludant3
715 3191 783 3254 nisi
796 3192 1069 3258 multicoloribus
1084 3195 1233 3278 parietes
1252 3195 1396 3277 picturis
1528 3186 1529 3201 ¹

448 3292 638 3370 renideant,
663 3298 699 3356 et
724 3292 832 3356 solem
857 3291 900 3373 ad
925 3292 1070 3357 lacunar
1094 3295 1293 3359 sollicitent.
1346 3292 1397 3358 At

448 3412 530 3456 vero
550 3392 613 3470 illi,
633 3412 675 3456 ea
694 3412 772 3474 quae
793 3393 904 3476 prima
925 3395 1088 3459 mortales
1109 3395 1198 3459 salso
1220 3395 1396 3458 aestimant
1528 3418 1529 3501 p

448 3493 484 3555 in
506 3493 665 3557 secundis
681 3492 860 3571 habenteS,
879 3513 980 3558 omne
1003 3497 1155 3559 studium
1173 3496 1211 3559 in
1233 3495 1397 3559 ornandis

448 3593 600 3657 moribus
636 3600 784 3675 ponunt,
820 3595 1000 3675 magisque
1039 3603 1159 3659 amant
1196 3593 1394 3678 splendidas

448 3699 580 3757 mentes
595 3713 698 3776 quam
710 3700 851 3758 auratas
862 3705 977 3758 vestes
990 3714 999 3773 ;
1018 3695 1166 3759 scientes
1181 3694 1273 3777 quod
1291 3697 1396 3759 bene·

448 3792 618 3857 factorum
640 3794 823 3857 retributio
842 3794 975 3875 optima
1002 3803 1067 3870 est,
1081 3795 1211 3859 munda
1223 3795 1291 3859 frui
1313 3815 1396 3860 con·

448 3894 604 3959 scientia.
672 3891 766 3971 Quin
803 3894 908 3958 etiam
946 3893 1131 3959 laudabilis
1159 3896 1295 3959 abbatis
1325 3895 1397 3960 cle-

448 3995 576 4058 mentia
597 4013 673 4058 cum
688 3994 744 4058 vel
759 3993 847 4071 vult,
862 3993 917 4058 vel
934 3995 1023 4059 velle
1040 4015 1078 4058 se
1095 3996 1247 4072 simulat,
1264 3995 1396 4078 aliquid

448 4095 491 4158 de
513 4095 601 4180 jugo
630 4094 758 4176 regulae
781 4093 967 4172 inflectere,
992 4095 1044 4158 illi
1067 4103 1190 4159 contra
1213 4096 1396 4174 nituntur:

583 4344 589 4374 ¹
602 4344 643 4394 Ad
654 4346 754 4410 Deum]
766 4346 800 4396 Α.
813 4347 842 4398 S.
855 4348 878 4395 E
886 4351 911 4398 2.
923 4349 954 4397 L.
961 4362 969 4409 3
987 4349 1020 4397 ad
1031 4363 1099 4409 eum,
1112 4349 1142 4398 G.
1154 4348 1189 4398 D.
1201 4347 1225 4394 E
1236 4351 1259 4397 1.
