3100 5050
166 485 322 565 marn]
403 502 516 551 onsrn
540 503 667 552 nneuu
692 506 917 554 suenorum.»
1058 490 1133 553 505.

165 679 260 723 mam
277 662 436 744 perculit,
451 670 490 726 ut
511 662 683 745 fragmina
699 658 751 726 ¹in
775 671 851 728 tota
873 671 1121 747 spargerentur

166 761 328 839 ecclesia,
344 765 428 845 quin
442 769 477 826 et
494 764 651 827 crucifixi
667 771 773 847 caput
787 784 866 828 cum
881 764 1006 828 dextra
1021 764 1118 842 tibia,

166 866 202 922 et
216 861 404 944 imaginem
426 870 557 927 sanctae
573 863 696 928 Mariae
711 864 848 949 dejecit.
894 865 1041 929 Secutus
1064 872 1117 929 est

164 960 253 1024 odor
277 964 485 1041 teterrimuS,
507 963 684 1028 bominum
711 965 941 1048 importabilis
963 965 1115 1030 naribus.

164 1059 324 1126 Tandem
342 1063 514 1142 monachi,
529 1063 621 1128 felici
639 1083 726 1128 ausu
748 1066 991 1148 irrumpentes,
1013 1065 1116 1130 bene-

162 1159 268 1225 dictae
297 1183 397 1247 aquae
428 1163 612 1246 aspergine
641 1165 838 1248 praestigias
868 1166 997 1230 inimici
1029 1164 1115 1229 effu·

161 1270 305 1342 garunt.

215 1362 335 1446 §324
360 1361 454 1442 Quid
478 1363 564 1428 illud
591 1367 750 1429 omnibus
776 1365 991 1448 incognitum
1015 1387 1122 1432 secu-.

159 1461 231 1525 list
250 1463 423 1528 discordia
439 1471 620 1529 ventorum
636 1467 727 1530 inter
747 1484 786 1528 se
801 1466 1053 1544 dissidentium,
1069 1470 1114 1532 ab

102 1555 104 1560 ’
158 1571 384 1627 euro-austro
403 1564 556 1642 veniere,
578 1566 710 1630 decimo
732 1573 834 1629 sexto
857 1565 1023 1632 kalendas
1040 1568 1212 1633 No-0o17·

158 1664 313 1726 vembris
341 1663 529 1728 Londoniae
563 1666 745 1748 plusquam
776 1660 958 1730 ²secentas
991 1668 1112 1732 domos

157 1762 310 1845 effregit.
362 1762 638 1829 cumulabantur
660 1767 815 1830 ecclesiae
842 1786 920 1829 cum
942 1767 1112 1847 domibusr,

158 1865 321 1927 maceriae
345 1883 423 1927 cum
445 1866 645 1946 parietibus
700 1865 819 1950 Majus
841 1886 979 1949 quoque
999 1869 1112 1932 scelus

158 1961 258 2026 furor
284 1971 467 2027 ventorum
495 1984 612 2042 aursuS,
639 1973 771 2030 tectum
799 1966 955 2030 ecclesiae
980 1977 1111 2032 sanctae

159 2062 288 2126 Mariae
304 2082 384 2146 quae
400 2063 461 2127 ‘ad
476 2061 601 2128 Arcus’
613 2065 739 2129 dicitur
756 2065 887 2148 pariter
904 2067 1110 2146 sublevavit,

158 2171 195 2227 et
210 2162 301 2227 duos
315 2163 471 2234 homines
487 2165 536 2227 ibi
550 2166 676 2230 obruit.
715 2166 999 2249 Ferebanturque
1015 2168 1113 2248 tigna

157 2282 240 2325 cum
265 2264 422 2327 trabibus
447 2283 509 2346 per
531 2265 646 2342 inane,
673 2266 873 2348 spectaculo
896 2284 918 2328 a
940 2266 1044 2347 longe
1060 2269 1111 2331 vi·

157 2363 330 2440 sentibuS,
345 2364 463 2428 timori
479 2382 587 2447 prope
610 2366 783 2428 stantibus
808 2385 851 2429 ne
874 2366 1109 2430 obruerentur.

159 2462 326 2542 Quatuor
346 2464 457 2547 tigna,
473 2482 536 2528 sex
551 2471 586 2529 et
602 2466 727 2548 viginti
749 2465 856 2549 pedes
882 2465 997 2548 longa,
1012 2473 1112 2532 tanta
1228 2486 1232 2488 ’

159 2564 195 2629 vi
212 2564 249 2626 in
273 2564 416 2628 humum
438 2566 591 2647 impacta
612 2574 694 2629 sunt
709 2574 748 2631 ut
764 2568 826 2630 vix
842 2573 991 2648 quatuor
1006 2568 1111 2650 pedes

157 2670 334 2729 extarent.
388 2664 424 2729 N
425 2665 547 2728 otabili
564 2666 642 2729 visu
658 2667 830 2749 quomodo
844 2666 1005 2730 duritiem
1021 2673 1111 2731 stra·

158 2772 205 2827 tae
230 2765 380 2847 publicae
402 2766 632 2847 perruperint,
652 2785 693 2829 eo
710 2767 758 2829 ibi
773 2766 893 2830 ordine
914 2768 1030 2848 posita
1043 2786 1112 2849 quo

158 2864 307 2927 intecto
329 2883 433 2928 manu
459 2864 601 2928 artificis
626 2865 764 2929 fuerant
785 2866 913 2942 locata,
930 2864 1045 2947 quoad
1067 2867 1111 2929 ob

158 2963 409 3047 impedimenta
438 2964 691 3028 transeuntium
726 2965 770 3028 ad
799 2964 979 3048 planitiem
1009 2972 1111 3028 terrae

160 3071 244 3127 sunt
258 3064 410 3141 desecta,
424 3064 517 3147 quod
531 3064 633 3127 aliter
647 3065 722 3127 erui
737 3065 930 3146 nequirent.

211 3163 327 3247 §325.
352 3163 485 3242 Quinto
512 3183 602 3227 anno
630 3164 750 3227 eadem
773 3164 939 3228 violentia
960 3162 1113 3227 fulminis
1124 3179 1179 3219 ev·
1190 3180 1245 3217 1⁰9²·

159 3263 253 3347 apud
277 3263 501 3327 Salesbiriam
517 3270 646 3329 tectum
670 3264 776 3327 turris
797 3264 951 3326 ecclesiae
974 3264 1113 3338 omnino

159 3363 311 3447 disjecit,
328 3364 543 3444 multumque
557 3364 742 3426 maceriam
759 3362 996 3439 labefactavit,
1012 3363 1112 3445 quin·

159 3471 197 3527 ta
210 3482 297 3526 sane
313 3463 369 3526 die
383 3471 568 3545 postquam
580 3482 655 3525 eam
670 3463 892 3526 dedicaverat
904 3459 1112 3539 osmundus,

160 3564 341 3645 praeclarae
358 3562 533 3625 memoriae
547 3563 739 3644 episcopus.

211 3662 229 3747 ὅ
245 3662 324 3726 326.
348 3662 458 3726 Sexto
475 3680 568 3725 anno
584 3667 721 3724 tantum
737 3660 803 3723 fuit
815 3660 1009 3742 pluviarum
1022 3658 1112 3722 dilu-
1126 3672 1249 3712 A·1>·¹⁰⁹³·

159 3763 268 3839 vium,
286 3768 387 3825 tanta
409 3767 598 3843 tempestas
619 3760 793 3835 imbrium,
808 3766 976 3842 quantum
997 3758 1112 3821 nullus

162 3862 380 3925 meminerat.
434 3860 535 3937 Mox,
562 3859 747 3924 accedente
777 3859 911 3941 hyeme,
937 3857 1035 3920 fluvii
1064 3858 1114 3920 ita

160 3969 244 4025 sunt
268 3961 444 4043 congelati
469 3968 510 4024 ut
537 3967 654 4023 essent
684 3958 795 4041 pervii
819 3957 1055 4038 equitantibus
1080 3963 1116 4019 et

192 4166 201 4201 ¹
214 4171 246 4218 Ia
259 4174 311 4217 tote
322 4173 497 4232 spargerentur
508 4167 627 4229 ecclesia]
690 4189 700 4218 2
711 4190 848 4252 Mem]
860 4188 893 4237 A·
902 4188 931 4238 S·
943 4188 972 4236 ς,
981 4188 1016 4238 ι),
1031 4190 1061 4238 Ε,
1072 4190 1118 4249 [Αἱ

161 4241 193 4290 ²¹·
206 4241 240 4288 D·
253 4242 287 4289 Ε·
300 4239 350 4320 1⁴¹}
366 4254 412 4300 per
430 4243 508 4287 mm
526 4240 629 4299 sparge‘
655 4265 783 4322 centenae,
795 4260 823 4309 S.
835 4259 901 4325 (var.
912 4255 984 4321 lect.)

161 4316 247 4359 rentur
259 4309 406 4371 ecclesiam,
417 4308 446 4358 S.
462 4310 492 4359 C.
