3100 5050
167 489 320 571 ura.1v.]
397 506 511 556 essin
536 506 661 555 aucun
686 506 902 556 naumann.
1054 492 1120 557 603

169 664 304 747 accepit
319 672 355 730 et
373 659 458 730 ¹non
482 665 699 729 mediocriter
714 665 836 744 auxit3
858 663 1071 743 Arelatensi,
1084 673 1119 730 et
1132 684 1260 774 smutpr

168 764 404 843 Narbonensi,
427 772 463 829 at
486 765 710 842 Prouinciali,
736 772 771 829 et
794 765 1033 830 Lemovioensi
1057 766 1119 829 ad·
1132 736 1251 785 mm

162 864 309 947 junctis.
349 866 514 932 Tolosam
529 886 665 949 quoque
681 884 703 928 a
718 885 883 947 germano
901 867 995 943 emit,
1012 866 1120 950 pluri-

167 965 232 1029 bus
247 967 349 1031 annis
374 974 454 1031 ante
475 968 592 1048 magni
606 973 720 1029 motus
734 965 827 1030 viam
850 966 1005 1049 profecto
1022 967 1119 1031 Iero-

167 1066 349 1149 solymam.
400 1056 468 1131 Sed
486 1067 560 1131 baec
575 1066 675 1130 multi
691 1067 856 1149 temporis
878 1068 1066 1132 intercessu
1083 1077 1119 1134 et

167 1173 271 1231 aetate
302 1168 459 1251 impensa
488 1168 609 1233 labori.
662 1166 801 1249 Itaque,
828 1168 956 1249 pugnis
984 1188 1120 1251 semper

166 1266 340 1345 assiduus,
350 1268 540 1351 legitimam
556 1287 699 1331 uxorem
713 1287 784 1331 non
799 1267 1019 1347 desideravit,
1030 1269 1119 1350 mul-

166 1368 288 1432 tinubo
316 1370 548 1434 concubinatu
570 1368 785 1451 voluptatem
817 1388 993 1433 exercens.
1047 1369 1119 1434 De·

167 1468 272 1551 nique
299 1488 343 1533 ex
367 1488 438 1533 una
462 1470 623 1553 pellicum
649 1468 756 1531 filium
778 1476 911 1546 natum,
941 1470 1118 1534 Bertram-

167 1588 263 1645 num,
303 1570 511 1651 cognatione
543 1577 578 1634 et
611 1567 813 1633 haereditate
846 1568 1011 1651 dignatus
1051 1578 1116 1648 est,

167 1668 260 1749 quod
285 1669 322 1732 in
347 1670 534 1753 aliquantis
553 1670 777 1753 patrissaret3
800 1670 856 1733 cui
870 1689 1014 1734 uxorem
1034 1691 1117 1736 con·

163 1763 470 1852 junxit²lllatildis
487 1770 649 1835 Marcisae
667 1777 806 1852 neptem
823 1790 866 1834 ex
885 1769 1118 1852 Longobarda

167 1876 299 1947 natam,
316 1878 356 1934 ut
376 1871 470 1935 illius
488 1869 654 1934 affinitate
670 1864 765 1933 ³illas
791 1870 979 1953 provinciae
999 1879 1117 1953 partes

166 1976 351 2034 tutaretur.
405 1971 487 2053 Ipse
501 1990 638 2054 quoque
658 1971 823 2035 extremis
837 1969 907 2035 sere
927 1972 1027 2035 annis
1049 1993 1118 2035 ux·

166 2089 261 2134 orem
284 2072 409 2135 ascivit
423 2071 530 2135 filiam
552 2071 644 2153 regis
661 2070 946 2149 Tarraconensis,
965 2072 1116 2155 splendi-

166 2169 247 2233 dam
272 2170 389 2235 dotem
417 2178 555 2255 pactus,
578 2178 744 2235 aeternam
774 2170 907 2235 scilicet
932 2173 1115 2236 contermi-

165 2290 288 2335 narum
316 2272 572 2353 provinciarum
597 2290 728 2354 pacem.
783 2270 859 2334 Nec
887 2271 996 2336 multo
1023 2281 1116 2355 post,

165 2371 281 2435 nivem
312 2372 437 2453 capitis
465 2372 664 2453 respiciens,
695 2370 1019 2455 lerosolymitanum
1048 2373 1117 2438 iter

165 2472 275 2550 vovit,
291 2478 331 2536 ut
345 2472 429 2536 lassi
444 2479 479 2538 et
490 2471 598 2538 effoeti
612 2472 765 2555 corporis
780 2472 872 2538 vires
881 2472 957 2557 jam
967 2472 1022 2538 vel
1037 2491 1115 2539 sero

165 2572 243 2637 Deo
269 2572 505 2653 deservirent3
542 2580 684 2637 auctore
708 2573 882 2656 praecipue
910 2572 1117 2639 caturcensi

164 2674 339 2756 episcopo,
355 2673 454 2757 cujus
476 2674 652 2756 praecipua
673 2689 779 2754 opera
797 2674 872 2756 ipse
893 2693 1030 2758 semper
1050 2675 1114 2738 im-

164 2780 342 2856 pugnatus
360 2774 493 2838 fuerat:
517 2773 622 2837 etiam
634 2774 671 2836 in
685 2773 834 2855 quodam
855 2773 982 2838 duellio
1004 2775 1114 2839 altero

164 2872 295 2936 lumine
310 2873 479 2956 privatus,
492 2873 592 2958 cujus
612 2874 748 2955 insigne
762 2874 972 2938 calamitatis
988 2895 1061 2956 prae
1076 2895 1114 2957 se

163 2971 277 3036 ferens
298 2993 369 3038 non
392 2974 504 3038 solum
524 2994 594 3038 non
610 2973 820 3050 occultabat,
834 2974 895 3037 sed
910 2975 1015 3039 etiam
1037 2976 1113 3057 glo-

163 3073 319 3138 riabatur
329 3073 434 3151 ultro,
448 3075 621 3157 specimen
636 3073 761 3138 nobilis
773 3073 906 3139 militiae
922 3082 1112 3139 ostentans.

163 3172 264 3237 Tunc
287 3179 403 3238 autem
423 3181 545 3238 mutua
564 3173 723 3238 foederati
749 3174 971 3251 amicitiant
993 3195 1112 3240 senec·

163 3279 273 3337 tutem
288 3293 387 3337 suam
401 3274 527 3339 divinis
542 3281 784 3338 consumerent
791 3273 954 3352 cultibus,
965 3274 1111 3340 Urbano

159 3372 233 3456 jam
255 3374 292 3436 in
313 3373 593 3457 praedicationem
617 3393 727 3458 prono
754 3372 913 3444 stimulos
935 3374 1110 3453 addidere,

164 3478 214 3550 ut,
237 3474 395 3538 transitis
419 3473 578 3557 Alpibus,
609 3474 827 3557 potissimum
852 3473 945 3555 apud
968 3473 1109 3540 Clarum

164 3571 321 3636 Montem
341 3575 523 3638 concilium
545 3581 695 3656 cogeret,
710 3574 803 3657 quod
823 3581 916 3637 esset
929 3593 971 3638 ea
986 3575 1117 3642 ciuitasv

165 3679 200 3735 et
221 3673 360 3736 illorum
383 3675 505 3756 patriae
531 3674 737 3758 propinqua,
761 3680 796 3738 et
821 3694 867 3737 ex
891 3680 967 3739 tota
994 3674 1111 3740 Gallia
1169 3741 1171 3745 ,

163 3773 379 3837 venientibus
393 3783 600 3858 opportuna.
652 3774 904 3850 Veruntamen,
920 3775 957 3838 in
973 3776 1048 3858 ipso
1065 3775 1110 3839 ad

167 3873 346 3937 concilium
368 3873 503 3950 itinere,
528 3874 687 3955 pontifex
711 3874 808 3938 obitu
835 3873 971 3939 defecit.
1024 3875 1110 3939 Suc·

201 4101 273 4154 'Noa
284 4105 459 4170 redimita]
484 4107 514 4158 C.
526 4109 561 4159 D.
573 4109 624 4169 E.;
651 4108 738 4171 Eluta,
758 4124 788 4157 or
810 4109 920 4170 Helena,
941 4109 1067 4172 daughter
1087 4110 1117 4159 oi

168 4173 268 4224 immane
284 4181 416 4239 quantum,
428 4177 456 4226 S.
469 4179 518 4239 L.;
537 4179 562 4228 in
580 4179 625 4228 im·
650 4178 718 4228 Otho
730 4179 752 4228 1.
766 4178 836 4228 duke
846 4179 876 4228 oi
885 4180 1034 4242 Burgundy.

168 4258 283 4306 mensum,
294 4245 328 4296 A.
685 4243 791 4317 ⁸illua]
812 4248 845 4298 A.
858 4250 893 4300 D.
912 4252 945 4299 Ε.
961 4252 1011 4312 L.;
1034 4251 1114 4313 illius,

198 4312 208 4344 ²
227 4315 344 4367 mattae
367 4316 484 4367 Murciam
508 4319 624 4382 πορίσω]
639 4317 720 4380 1Μ.
