3100 5050
441 503 509 569 496
656 519 771 568 orsra
795 518 925 568 arcon
947 517 1164 568 aserenon.
1244 504 1399 589 [marr.

442 695 589 759 quorum
612 677 813 742 memoriam
834 684 897 745 aut
918 677 1059 742 brevem
1085 683 1148 745 aot
1169 675 1303 740 nullam
1319 694 1396 774 om·

441 776 525 841 nino
550 784 631 840 sunt
657 777 811 842 relicturi
833 778 871 842 in
894 776 1025 855 seculo,
1050 797 1115 842 nec
1136 777 1393 860 eleemosynam

441 875 593 941 habituri
621 877 658 941 in
690 874 788 942 Deo:
821 877 982 942 liberales
1008 884 1104 954 sont,
1129 877 1190 960 qui
1214 883 1339 959 captos
1370 893 1395 940 a
1522 880 1523 945 Ῑ

440 975 662 1058 pradonibus
686 977 872 1056 redimunt,
887 985 950 1042 ant
970 977 1094 1059 inopes
1109 976 1310 1053 sublevant,
1331 980 1393 1038 ant
1522 1006 1523 1039 3

440 1093 489 1140 aes
503 1075 653 1140 alienum
673 1077 862 1142 amicornm
883 1077 1091 1160 suscipiunt.
1141 1076 1207 1143 Est
1220 1095 1306 1158 ergo
1321 1075 1391 1140 lar·

309 1179 312 1188 '
440 1176 615 1257 giendum,
628 1176 688 1241 sed
703 1176 890 1259 diligenter
902 1185 940 1242 et
951 1177 1148 1257 moderatc3
1164 1175 1284 1259 plures
1298 1175 1391 1240 enim

439 1276 648 1358 patrimonia
679 1295 746 1341 sua
778 1275 927 1342 effudere
956 1277 1154 1342 inconsulte
1184 1275 1389 1357 largiendo:
1522 1280 1523 1315 ³

440 1369 539 1459 ¹quid
554 1395 637 1441 vero
648 1383 702 1440 est
713 1376 855 1441 stultius
871 1395 990 1459 qnam,
1002 1377 1095 1461 qnod
1107 1376 1255 1442 libenter
1270 1375 1393 1453 facias
1522 1392 1523 1449 ξ

438 1495 559 1540 curare
571 1495 616 1540 ne
629 1476 760 1541 diutius
774 1476 888 1542 facere
903 1478 1040 1559 possisl
1092 1475 1220 1560 Itaque
1234 1465 1390 1559 quidam,

437 1595 515 1640 cum
541 1597 611 1660 nou
627 1576 781 1641 habeant
794 1577 887 1660 quod
902 1577 998 1654 dent,
1018 1576 1065 1640 ad
1085 1577 1227 1659 rapinas
1243 1595 1390 1643 conver·
1470 1608 1474 1616 ·

437 1681 579 1755 tuntur3
596 1677 779 1761 majusque
794 1677 912 1742 odium
928 1684 1163 1759 &sequuntur
1181 1677 1226 1740 ab
1238 1675 1294 1740 his
1311 1675 1389 1759 qui·

437 1776 503 1839 bus
531 1771 705 1855 auferoht,
733 1795 839 1859 quam
866 1776 1070 1842 beneficium
1102 1777 1147 1842 ab
1180 1775 1236 1840 his
1263 1776 1389 1858 quibus

437 1875 682 1940 contulerunt:
716 1877 810 1959 quod
832 1875 913 1942 huic
934 1876 1010 1958 regi
1030 1875 1199 1944 accidisse
1220 1874 1389 1943 dolemus.

438 1974 601 2058 Namque
624 1996 702 2040 cum
717 1977 838 2059 primis
854 1975 964 2041 initiis
976 1975 1076 2057 regni
1092 1981 1187 2040 metu
1204 1975 1386 2039 turbarum

436 2075 562 2140 milites
586 2081 848 2158 congregasset,
861 2075 947 2140 nihil
968 2075 1038 2140 illis
1060 2075 1303 2156 denegandum
1321 2094 1386 2156 pu-

435 2176 546 2252 tabat,
561 2175 695 2258 majora
711 2176 748 2239 in
762 2175 918 2240 futurum
930 2175 1117 2257 pollicitus.
1159 2172 1288 2257 Itaque
1303 2175 1386 2256 quia

435 2281 599 2356 paternos
630 2274 813 2340 thesauros
839 2282 1027 2340 evacuarat
1052 2268 1229 2356 ²impigre,
1253 2281 1291 2342 et
1311 2293 1387 2339 mo·
1522 2336 1523 2339 ,

434 2373 521 2437 dicae
538 2375 570 2437 ei
584 2375 768 2458 pensiones
792 2375 1074 2452 numerabantur,
1090 2374 1166 2458 jam
1190 2373 1407 2440 substantia
1522 2370 1523 2407 ³

434 2472 626 2555 defecerat3
642 2474 702 2539 sed
720 2475 857 2540 animus
873 2474 1045 2558 largiendi
1059 2494 1129 2541 uon
1145 2474 1277 2552 deerat,
1291 2474 1385 2558 quod
1522 2456 1523 2505 ³

434 2593 499 2637 usu
516 2574 666 2639 donandi
677 2594 765 2657 pene
782 2574 820 2639 in
835 2583 997 2641 naturam
1006 2581 1180 2643 verterat:
1204 2574 1307 2641 homo
1323 2576 1384 2657 qui

433 2674 582 2738 nesciret
603 2674 842 2759 cujuscunque
868 2676 918 2741 rei
951 2674 1134 2758 effringere
1155 2675 1306 2757 pretium
1328 2674 1384 2739 vel

432 2774 604 2837 aestimare
619 2775 874 2852 commercium,
888 2774 949 2841 sed
963 2776 1020 2840 cui
1035 2794 1100 2858 pro
1114 2774 1214 2841 libito
1225 2774 1387 2839 venditor

431 2873 639 2940 distraheret
663 2875 936 2952 mercimonium,
962 2881 998 2942 61
1023 2874 1123 2941 miles
1147 2875 1386 2957 pacisceretur

322 3034 329 3046 ,
431 2974 652 3057 stipendium.
710 2973 873 3039 Vestium
898 2993 1039 3041 suarum
1070 2974 1222 3057 pretium
1249 2974 1287 3037 in
1320 2976 1384 3039 im·

431 3093 588 3139 mensum
608 3073 730 3138 extolli
743 3074 896 3151 volebat,
910 3073 1103 3155 dedignans
1118 3074 1148 3137 si
1165 3074 1245 3156 quis
1262 3075 1384 3139 allevi-

430 3180 537 3237 asset.
583 3174 743 3255 Denique
765 3172 917 3256 quodam
931 3192 1045 3251 mane,
1059 3167 1154 3240 ³cum
1178 3174 1386 3239 calciaretur

430 3290 541 3335 novas
564 3272 709 3354 caligas,
732 3272 963 3354 interrogavit
988 3273 1236 3339 cubicularium
1262 3274 1386 3356 quanti

430 3372 692 3437 constitissent:
716 3392 795 3437 cum
816 3372 876 3437 ille
898 3372 1134 3456 respondisset
1146 3379 1218 3439 tres
1239 3373 1383 3452 solidos,

429 3472 709 3555 indignabundus
723 3480 758 3537 et
768 3471 927 3549 hemena,
940 3476 950 3507 ‘
962 3472 1053 3551 Fili,'
1070 3473 1131 3551 ait,
1148 3473 1381 3541 ‘meretricisl

429 3592 474 3635 ex
489 3592 559 3654 quo
576 3572 680 3637 habet
696 3590 760 3636 rex
774 3572 907 3653 caligas
922 3579 995 3640 tam
1015 3572 1117 3639 exilis
1136 3572 1264 3655 pretiil
1281 3573 1382 3651 vade,

429 3679 465 3736 et
490 3672 574 3737 affer
594 3672 678 3735 mihi
705 3679 839 3754 emptas
862 3690 980 3737 marca
1001 3672 1161 3754 argenti!
1213 3670 1287 3738 Ivit
1309 3672 1381 3750 ille,

428 3778 463 3835 et
495 3772 605 3836 multo
636 3771 777 3835 viliores
811 3770 969 3849 afferens,
1010 3770 1133 3855 quanti
1165 3780 1382 3855 praeceperat

429 3879 564 3955 emptas
581 3871 767 3936 ementitus
784 3877 846 3935 est.
882 3868 1037 3954 ‘Atqui,'
1051 3872 1164 3955 inquit
1179 3890 1256 3949 rex,
1279 3872 1381 3939 ‘istae

462 4100 547 4161 'Quid
557 4118 612 4155 vero
625 4137 631 4154 ·
645 4102 782 4167 ..120³qu
789 4102 889 4165 cicero,
950 4125 962 4157 ⁸
981 4068 1044 4178 eum
1061 4129 1228 4193 acerem]
1246 4130 1276 4178 s.
1297 4130 1328 4180 c.
1349 4131 1380 4178 s.

424 4174 698 4309 (183ῗῇᾈῇῧᾶ
711 4244 746 4297 D·
754 4245 803 4306 Εὐ
815 4243 888 4292 σιώ,
914 4199 1044 4319 ‘ispum
1062 4214 1109 4262 pro
1127 4200 1200 4249 aare
1217 4200 1381 4263 metuetur,

423 4315 593 4367 tadinati.
