3100 5050
426 518 492 585 488
648 536 763 585 eusrr
787 536 915 586 aucun
939 536 1155 585 suenoruu.
1226 518 1316 601 [eru.
1332 533 1384 581 iv.

427 694 544 778 lepida
565 693 741 759 hilaritate
764 689 841 780 (¹ut
858 693 1002 759 Persius
1019 691 1088 779 ait)
1106 692 1275 757 ‘cumina
1295 692 1385 755 rasis

431 796 562 859 librans
588 794 625 857 iu
646 794 850 871 antithetis,'
875 794 996 859 ‘Nou'
1021 790 1148 879 (dixit)
1162 794 1385 876 ‘episeopum

435 895 644 958 Boiocarum
655 896 784 977 capies,
795 894 857 959 sed
865 895 1027 959 comitem
1038 892 1175 959 Cantiae
1186 892 1386 958 custodies!

436 993 627 1059 Gaufn'dus
649 995 845 1078 episcopus,
860 1015 940 1059 cum
961 1001 1100 1077 nepote,
1117 993 1329 1058 Batbouiam
1350 999 1388 1056 et

436 1094 673 1158 Berobeleiam
696 1102 900 1177 partemque
919 1096 1003 1178 pagi
1025 1094 1209 1158 Wiltensis
1232 1094 1387 1175 depopu-

436 1195 526 1271 lans,
551 1195 733 1259 manubias
765 1195 858 1278 apud
884 1195 1027 1259 Bristou
1052 1194 1259 1259 collocabat.
1311 1192 1387 1257 Ro·

437 1295 554 1376 gerius
581 1295 624 1358 de
648 1294 771 1358 Monte
801 1294 997 1372 Gomerioo,
1020 1296 1211 1359 exercitum
1242 1310 1344 1357 suum
1366 1311 1389 1355 a

437 1394 673 1459 Sorobesbiria
690 1414 770 1458 oum
792 1395 1016 1459 Walensibus
1035 1396 1189 1472 mittens,
1215 1394 1389 1458 coloniam

437 1494 715 1576 wigorniensem
738 1495 979 1576 praedabatur:
998 1496 1143 1579 jamque
1167 1493 1389 1576 wigorniam

437 1594 585 1657 infestus
616 1595 818 1671 advenerat,
843 1614 922 1659 oum
947 1596 1035 1677 regii
1061 1594 1190 1658 milites
1214 1592 1277 1676 qui
1300 1610 1391 1675 pree·

439 1694 639 1771 tendebant,
665 1694 745 1757 freti
768 1695 1007 1758 benedictione
1031 1693 1210 1758 Wulstani
1233 1692 1390 1776 episcopi

437 1792 497 1857 oui
510 1793 670 1857 custodia
684 1794 819 1857 castelli
833 1795 1018 1859 summissa
1035 1801 1125 1871 erut,
1139 1793 1245 1877 pauci
1259 1792 1391 1856 multos

439 1892 647 1974 effugarunt,
662 1892 888 1977 pluribusque
903 1895 1032 1958 sauciis
1040 1899 1076 1957 et
1091 1895 1204 1971 cursis,
1220 1892 1390 1976 quosdam

438 1992 672 2057 abduxerunt.
734 1992 912 2058 Praeterea
947 1994 1122 2076 Roguius
1155 1994 1263 2076 Bigot
1295 1990 1391 2075 apud

442 2090 637 2169 Northwic,
660 2098 696 2156 et
724 2092 834 2176 Hugo
858 2094 902 2157 de
924 2092 1181 2158 Greutemesnil
1203 2093 1299 2177 apud
1323 2091 1390 2156 Le-

439 2200 647 2273 gocestram,
672 2192 745 2256 suis
766 2194 916 2276 quisque
940 2194 1099 2277 partibus
1120 2194 1264 2278 rapinas
1285 2211 1391 2275 urge·

440 2292 537 2357 bant.
590 2291 649 2356 Ita
671 2293 755 2356 totis
779 2293 983 2359 desertionis
996 2294 1129 2359 viribus
1153 2294 1191 2357 in
1218 2312 1311 2371 erim,
1335 2293 1391 2357 eui

439 2410 504 2455 nec
525 2392 710 2489 prudentia
731 2412 795 2458 nee
813 2393 958 2457 fortuna
978 2394 1111 2472 deerat,
1136 2392 1270 2459 frustra
1289 2394 1392 2459 suevi·

441 2493 575 2558 ebatur.
626 2491 791 2576 Namque
818 2494 889 2572 ille,
907 2494 1028 2559 videns
1053 2494 1278 2560 Normaunos
1302 2511 1392 2578 pene

440 2612 561 2656 omnes
584 2593 622 2656 in
646 2612 717 2656 una
740 2595 836 2658 rabie
855 2596 1086 2678 conspiratae,
1107 2593 1243 2678 Anglos
1263 2595 1393 2678 probos

440 2699 477 2755 et
502 2692 610 2756 sortes
636 2691 743 2770 viros,
766 2695 828 2777 qui
856 2695 973 2759 adhuc
1005 2696 1134 2760 residui
1164 2702 1278 2772 eruut,
1300 2694 1393 2758 iuvi·

441 2791 579 2857 tatoriis
604 2792 743 2874 seriptis
769 2795 949 2874 accersiit3
981 2795 1237 2878 quibussupor
1255 2793 1393 2880 injuriis

443 2891 516 2954 suis
546 2893 798 2975 querimoniam
825 2892 968 2972 faciens,
1001 2895 1181 2978 bonasque
1214 2895 1324 2977 leges,
1357 2903 1393 2960 et

442 2992 651 3056 tributorum
667 2993 837 3071 levamen,
858 2994 1053 3077 liberasque
1065 2995 1269 3059 venationes
1291 2995 1394 3079 polli-

442 3109 537 3168 cenS,
568 3091 728 3156 fidelitati
750 3111 824 3172 suae
855 3082 1033 3176 obligavit.
1087 3094 1164 3159 Nee
1189 3096 1315 3160 minori
1337 3114 1394 3158 as-

442 3191 532 3254 tutia
550 3190 741 3272 Rogerium
760 3193 805 3255 de
822 3192 945 3258 Monte
962 3193 1159 3271 Gomerieo,
1181 3213 1299 3258 seeum
1321 3196 1393 3260 dis·

442 3289 606 3354 simulata
628 3291 773 3373 pertidia
794 3293 1021 3374 equitantem,
1043 3295 1279 3359 circumvenit.
1332 3295 1394 3359 Se-

443 3409 560 3454 orsum
585 3389 676 3454 enim
711 3391 818 3456 ducto
842 3411 1006 3476 magnam
1038 3394 1186 3476 ingessit
1204 3394 1393 3473 invidiam3

443 3488 573 3566 dicens,
599 3490 765 3556 Libenter
785 3510 824 3556 se
848 3493 994 3576 imperio
1016 3513 1206 3571 cessurum,
1228 3495 1259 3558 si
1283 3494 1336 3559 iili
1358 3502 1394 3559 et

444 3589 520 3653 aliis
537 3589 698 3654 videatur
714 3611 802 3674 quos
817 3600 918 3675 pater
932 3601 1065 3658 tutores
1076 3594 1274 3677 reliquerat.
1310 3594 1393 3658 Non

443 3707 482 3756 se
506 3689 699 3772 intelligere
724 3691 807 3774 quid
834 3693 886 3756 ita
909 3693 1066 3758 effraenes
1092 3695 1183 3758 siut:
1217 3695 1248 3757 si
1271 3694 1393 3772 velint,

443 3789 609 3874 pecunias
626 3790 799 3873 accipiant
815 3811 879 3874 pro
894 3790 1015 3874 libito;
1039 3793 1069 3857 si
1088 3800 1314 3877 augmentum
1330 3814 1395 3877 pa·

443 3889 694 3966 trimouiorum,
718 3891 838 3955 eodem
859 3894 985 3973 modo;
1008 3913 1163 3976 prorsus,
1180 3913 1259 3977 quae
1273 3893 1394 3971 velint,

442 3988 606 4052 babeant.
657 3989 811 4054 Tantum
828 3992 968 4056 videant
985 4013 1029 4056 ne
1038 3993 1209 4078 judicium
1226 3995 1394 4076 genitoris

444 4089 680 4170 periclitetur:
704 4092 796 4173 quod
816 4092 847 4156 si
867 4093 910 4157 de
930 4113 968 4157 se
990 4095 1192 4177 putaverint
1204 4114 1394 4178 aspernan-

654 4312 662 4343 ¹
679 4316 714 4364 Ut
726 4317 829 4367 Persius
839 4319 898 4384 ait]
916 4320 1033 4385 Persius,
1043 4319 1098 4371 Sat.
1109 4333 1129 4371 r.
1141 4325 1183 4370 st.
