3100 5050
427 491 494 557 466
642 506 757 555 unsri
782 505 911 557 nacon
934 493 1382 607 1111111111.[111.111.

265 682 351 724 111111
352 683 394 724 ru
429 672 476 743 et,
493 672 573 748 post
588 665 697 731 libata
709 666 867 744 osculas
856 686 894 730 m
909 664 1010 748 panis
1024 664 1281 739 similitudinem
1297 682 1381 729 oon-

267 732 334 775 ¹³⁸¹⁸¹¹
297 744 380 785 ’Μ’
428 784 566 829 versum
589 766 825 830 ecclesiastico
845 785 941 829 more
963 766 1172 849 sumpsisse:
1204 765 1297 848 quod
1323 783 1380 828 ar-

428 865 569 947 roganti
590 866 812 931 covillatione
833 865 949 931 ferunt
966 866 1217 947 Berengarium
1239 884 1380 948 carpere

428 964 510 1029 solit
496 972 581 1043 tum,
597 972 632 1029 et
647 965 798 1044 dicere,‘
806 966 974 1053 §peciosa
986 973 1079 1030 certe
1098 985 1171 1048 pax
1186 964 1380 1041 nebulonis,

429 1070 481 1142 ut,
503 1065 560 1129 cui
581 1066 651 1131 oris
676 1068 874 1149 praebuerat
888 1066 1036 1143 basium,
1059 1065 1213 1131 dentium
1236 1064 1380 1129 inferret
1528 1043 1529 1134 i

429 1166 599 1229 exitium?
651 1164 764 1244 Quale
786 1166 829 1229 de
853 1166 998 1250 pusione
1020 1165 1194 1246 Judaico;
1216 1165 1320 1248 quod,
1342 1165 1380 1229 in
1528 1151 1529 1228 1

428 1265 611 1330 ecclesiam
633 1286 710 1329 cum
728 1260 1222 1348 11111111111(111111111111110111
1238 1272 1275 1329 et
1288 1264 1378 1328 ludi·
1528 1255 1529 1344 1

428 1365 544 1430 hunde
557 1367 747 1449 ingressus,
762 1366 851 1432 vidit
866 1385 1011 1450 puerum
1029 1366 1068 1429 in
1083 1384 1147 1430 ara
1161 1366 1377 1429 membratim

427 1466 589 1549 discerpi,
612 1474 647 1530 et
664 1466 795 1531 viritim
815 1467 946 1550 populo
961 1466 1082 1532 dividi.
1125 1465 1168 1530 Id
1187 1466 1378 1529 111111111-

428 1567 544 1631 centia
566 1566 690 1649 puerili
716 1568 919 1650 parentibus
942 1586 1006 1650 pro
1030 1585 1115 1631 vero
1136 1572 1318 1643 assereret,
1340 1564 1378 1628 in
1528 1591 1529 1666 p

428 1686 550 1748 rogum
573 1666 751 1730 detrusum
772 1667 833 1731 ubi
852 1668 992 1732 occluso
1013 1667 1104 1731 ostio
1128 1666 1302 1731 aestuabat
1323 1666 1377 1729 in·

427 1766 597 1843 cendium,
614 1766 733 1831 multis
746 1775 827 1849 post
843 1766 937 1831 horis
958 1766 1034 1831 sine
1048 1766 1189 1849 jactura
1210 1766 1377 1848 corporis,

373 1872 380 1895 '
428 1865 712 1949 exuviarumque,
742 1873 779 1932 et
806 1867 910 1936 etiam
938 1866 1095 1944 crinium,
1122 1886 1145 1932 a
1169 1865 1376 1931 Christianis

428 1972 637 2044 extractum,
657 1966 961 2050 interrogatusque
975 1966 1148 2050 quomodo
1161 1985 1305 2031 voraces
1325 1966 1378 2048 ig-

428 2066 524 2130 nium
557 2067 680 2149 globos
705 2067 868 2145 evasem't,
891 2066 1081 2150 respondit,
1110 2065 1210 2131 ‘Illa
1232 2067 1378 2149 pulchra

428 2165 571 2231 foemina
584 2186 688 2250 quam
705 2167 778 2232 vidi
790 2167 910 2232 sedere
926 2168 964 2231 in
977 2166 1155 2245 cathedra,
1169 2166 1270 2250 cujus
1285 2167 1377 2231 filius

426 2267 556 2349 populo
584 2267 816 2343 dividebatur,
841 2286 977 2350 semper
1000 2267 1085 2330 mihi
1108 2268 1145 2330 in
1168 2267 1304 2331 camino
1329 2267 1374 2331 ad

347 2422 352 2427 .
426 2365 586 2431 dextram
602 2368 726 2446 astitit,
739 2367 953 2432 flammineas
967 2368 1080 2431 minas
1095 2374 1131 2431 et
1146 2366 1263 2431 fumea
1277 2367 1376 2431 volu·

428 2466 975 2551 minapeplosuosummoreus!

266 2581 312 2670 3¹13
320 2581 395 2672 lphn·
480 2568 589 2651 1287.
613 2568 744 2632 Tunc‘
735 2588 772 2632 m
796 2569 975 2653 provincia
990 2568 1184 2645 walarum
1200 2586 1279 2651 quae
1301 2567 1377 2632 Ros

266 2683 321 2730 bour
330 2681 416 2723 0-fwal
427 2675 585 2746 vocatur,
607 2669 786 2732 inventum
811 2675 866 2732 est
885 2669 1106 2752 sepulchrum
1122 2666 1295 2744 Walwen,
1315 2669 1378 2751 qui
1528 2720 1529 2761 ,

427 2767 494 2832 fuit
508 2768 600 2833 haud
617 2769 767 2850 degener
779 2766 920 2833 Arturis
933 2789 979 2834 ex
996 2788 1115 2834 sorore
1125 2787 1245 2851 nepos
1278 2767 1376 2848 Reg-

427 2867 525 2933 navit
554 2870 591 2932 in
620 2887 663 2933 ea
688 2876 788 2951 parte
812 2869 1005 2934 Britanniae
1031 2889 1110 2951 quaa
1142 2867 1254 2942 adhuc
1274 2867 1376 2932 Wal·
1528 2852 1529 2895 ¹

426 2968 554 3034 weitha
580 2975 745 3035 vocatur:
779 2968 879 3032 miles
908 2969 1038 3034 virtute
1068 2967 1377 3047 nominatissimus,

426 3067 488 3132 sed
510 3087 532 3132 a
558 3068 665 3139 fratre
692 3075 727 3132 et
756 3075 883 3150 nepote
908 3068 1100 3151 Heugistii,
1126 3067 1317 3150 dequibus
1339 3068 1378 3131 in

426 3169 537 3251 primo
566 3167 655 3232 libro
683 3168 770 3245 dixi,
801 3187 909 3249 regno
936 3169 1117 3251 expulsus,
1141 3167 1237 3251 prius
1263 3167 1377 3232 multo

426 3287 546 3332 eorum
575 3266 782 3333 detrimento
820 3267 963 3332 exilium
993 3286 1222 3351 compensans
1250 3285 1376 3349 suum;

425 3367 682 3433 communicans
695 3368 819 3432 merito
833 3367 928 3431 laudi
944 3367 1119 3444 avunculi,
1136 3366 1230 3450 quod
1244 3367 1378 3431 ruentis

425 3469 549 3550 patriae
573 3486 692 3532 casum
714 3468 751 3530 in
773 3453 1023 3550 plures⁰annos
1045 3467 1254 3532 distulerint.
1305 3466 1376 3530 Sed

424 3564 565 3632 Arturis
587 3567 808 3650 sepulchrum
822 3586 993 3649 nusquam
1008 3569 1144 3645 visitur,
1167 3565 1258 3630 unde
1283 3567 1376 3630 anti·

425 3668 541 3751 quites
557 3668 748 3732 naeniarum
763 3666 875 3731 adhuc
890 3687 969 3731 eum
984 3674 1169 3732 venturum
1186 3665 1375 3730 fabulatur.

426 3765 613 3845 Caeterum,
638 3767 781 3831 alterius
798 3768 951 3846 bustum,
973 3774 1013 3831 ut
1034 3767 1197 3850 praemisi,
1219 3772 1376 3847 tempore

425 3866 593 3932 Willelmi
615 3867 706 3950 regis
727 3875 902 3950 repertum
930 3875 984 3932 est
1008 3887 1113 3950 super
1136 3885 1234 3931 oram
1259 3866 1376 3944 maris,

425 3967 685 4050 quatuordeeim
708 3967 813 4050 pedes
837 3968 1003 4050 longum3
1036 3968 1096 4031 ubi
1122 3985 1144 4030 a
1168 3963 1376 4049 quibusdam

426 4067 591 4133 asseritur
617 4068 661 4131 ab
691 4067 849 4132 hostibus
877 4068 1091 4144 vulneratus,
1123 4072 1159 4129 et
1189 4063 1374 4146 naufragio

614 4299 623 4332 ¹
635 4279 771 4366 AEquoevo.]
789 4302 824 4353 D.
836 4303 869 4352 Ε.
881 4302 930 4364 L.;
945 4317 1101 4365 coaequam,
1112 4301 1141 4350 S.
1156 4301 1186 4352 0.
