3100 5050
411 740 818 825 PROLOGUS

315 926 371 983 ru
402 926 607 987 urrann
642 925 916 992 aurarum

136 1233 278 1281 INCIPIT
311 1233 498 1281 PROLOGUS
539 1234 726 1282 WILLELMI
760 1234 1092 1284 MALMESBIRIENSIS

188 1333 227 1380 IN
253 1333 363 1381 LIBRO
387 1333 535 1393 QUARTO
568 1334 616 1381 DE
647 1334 772 1383 GESTIS
802 1336 929 1383 REGUM
953 1336 1090 1383 ANGLO-

189 1434 284 1481 RUM.

151 1595 270 1664 sum]
281 1629 288 1634 ,
307 1572 400 1637 clo
447 1572 621 1655 plerisque
660 1572 815 1656 ineptum
854 1573 964 1637 videri
1001 1575 1094 1657 quod

216 1659 283 1766 ᾗ
331 1673 439 1754 gestis
465 1672 576 1736 nostri
594 1674 759 1755 temporis
791 1693 912 1755 regum
942 1674 1094 1738 scriben-

145 1791 269 1855 s),
282 1761 287 1804 ⁴³
332 1772 385 1836 dis
428 1772 557 1856 stylum
605 1773 855 1854 applicuerim3
899 1773 1094 1838 dicentibus

158 1886 192 1904 ”¹
220 1853 267 1914 ''t'
333 1872 483 1954 quodid
509 1871 679 1955 ejusmodi
712 1872 851 1955 scriptis
881 1891 975 1956 saepe
1009 1893 1094 1938 nau·
1196 1958 1200 1962 -

137 1972 300 2053 fragatur
324 1972 454 2036 veritas
486 1979 521 2036 et
548 1972 760 2053 suffragatur
785 1972 933 2050 falsitas,
966 1975 1094 2057 quippe

139 2070 366 2154 praesentium
398 2072 492 2136 mala
517 2072 722 2154 periculose,
747 2072 840 2135 bona
863 2072 1094 2155 plausibiliter

138 2171 314 2235 dicuntur.
367 2172 419 2236 Eo
435 2172 475 2235 fit
491 2168 689 2258 (inquiunt)
710 2178 761 2248 ut,
778 2172 862 2254 quia
883 2172 985 2236 modo
1003 2165 1093 2236 lom·

138 2272 196 2335 nia
217 2271 334 2352 magis
355 2272 400 2335 ad
422 2270 520 2355 pejus
539 2290 644 2354 quam
666 2271 710 2334 ad
732 2271 856 2336 melius
876 2272 948 2335 sint
968 2273 1095 2355 procli-

139 2372 208 2448 via,
232 2372 382 2453 scriptor
405 2372 509 2435 obvia
539 2371 633 2434 mala
661 2364 822 2454 ²propter
848 2378 978 2434 metum
1005 2392 1094 2454 prae-

138 2476 263 2548 tereat,
279 2477 326 2548 et,
344 2472 435 2537 bona
445 2471 475 2535 si
490 2490 560 2535 non
577 2478 670 2548 sunt,
680 2477 823 2554 propter
833 2471 994 2555 plausum
1009 2490 1093 2536 oon·

138 2571 261 2655 fingat.
314 2571 403 2635 Sunt
429 2571 490 2634 alii
509 2571 581 2654 qui,
605 2591 669 2635 nos
688 2581 735 2634 ex
758 2571 907 2652 segnitie
934 2591 999 2634 sua
1022 2592 1093 2636 me-

140 2673 280 2748 tientes,
298 2671 447 2754 impares
470 2678 570 2736 tanto
593 2671 726 2734 muneri
744 2671 958 2749 existimant,
975 2679 1010 2736 et
1027 2671 1092 2736 hoo

139 2770 294 2834 studium
309 2790 419 2853 prava
433 2771 680 2853 suggillatione
697 2770 947 2835 contaminant.
998 2771 1091 2850 Qua·

138 2877 283 2954 propter
304 2871 379 2955 jam
405 2870 549 2953 pridem,
578 2871 635 2934 vel
660 2871 798 2934 illorum
826 2870 1007 2935 ratiocinio
1036 2872 1092 2936 vel

137 2970 285 3034 istorum
301 2969 441 3035 fastidio
452 2970 644 3053 perculsus,
661 2971 698 3033 in
713 2971 824 3033 otium
841 2990 1091 3048 concesseram,

139 3070 279 3133 silentio
295 3068 442 3135 libenter
458 3070 703 3153 adquiescens3
720 3069 781 3132 sed
795 3069 876 3133 dum
891 3071 1093 3153 aliquandiu

140 3169 278 3233 solutus
313 3168 438 3233 inertia
463 3187 656 3246 vacassem,
688 3184 809 3232 rursus
839 3170 964 3234 solitus
995 3189 1093 3234 amor

140 3268 335 3333 studiorum
349 3287 468 3341 aurem
477 3269 576 3332 vellit
586 3274 622 3331 et
636 3287 774 3331 manum
790 3268 923 3352 injecit,
934 3277 1092 3353 propter-

142 3386 183 3430 ca
196 3367 292 3449 quod
314 3387 378 3431 uec
398 3368 455 3431 nil'
468 3387 571 3450 agero
588 3387 737 3450 possem,
756 3373 792 3430 et
807 3367 883 3431 istis
897 3365 1092 3433 forensibus

140 3474 177 3530 et
192 3467 333 3530 homine
348 3467 487 3531 literato
503 3467 655 3549 indignis
672 3468 765 3531 curis
786 3485 841 3529 me
863 3465 1006 3530 tradere
1022 3488 1092 3532 non

81 3622 87 3636 ,
140 3585 291 3631 nossem.
342 3563 531 3630 Accessere
558 3567 746 3630 amicorum
768 3585 922 3630 meorum
949 3566 1092 3644 stimuli,

140 3685 288 3748 quorum
303 3665 360 3729 vel
377 3667 494 3730 tacitae
518 3665 735 3746 suggestioni
749 3666 851 3731 deese
872 3685 942 3728 non
965 3665 1068 3728 debui
1082 3686 1091 3745 ;

142 3771 177 3828 et
195 3765 248 3829 illi
267 3763 405 3847 quidem
428 3765 581 3828 modeste
602 3764 677 3848 jam
699 3765 909 3848 prudentem
925 3764 1093 3847 impulere

140 3871 182 3928 ut
205 3871 361 3946 ooeptum
383 3884 621 3947 prosequerer.
673 3864 819 3928 Illorum
847 3865 978 3947 itaque,
1005 3883 1092 3947 quos

143 3965 282 4045 penitus
297 3963 450 4045 reposito
468 3983 584 4028 amoro
605 3963 726 4045 diligo,
745 3963 939 4028 hortatibus
962 3964 1094 4027 anima-

146 4068 203 4126 tus
233 4081 392 4144 assurgo,
415 4070 455 4127 ut
485 4083 530 4127 ex
552 4064 703 4152 pectoris
724 4064 836 4126 nostri
857 4062 1094 4146 promptuario

182 4297 188 4327 ¹
212 4303 323 4366 Omnia]
341 4304 377 4354 D.
397 4304 448 4365 E..;
474 4319 539 4366 pene
555 4319 607 4353 om·
669 4301 800 4367 'Propter
820 4299 933 4372 mlum]
956 4304 990 4355 A.
1009 4305 1038 4355 S.
1058 4306 1094 4356 D.

143 4371 235 4433 nias.
361 4420 368 4438 x
635 4372 666 4422 E.
678 4373 727 4434 1..;
744 4373 847 4423 omitted
858 4375 884 4422 in
898 4376 928 4424 C.
