3100 5050
192 507 264 557 cra.
284 492 325 576 a]
483 507 659 557 ursanum
681 507 861 558 unumne.
931 473 945 488 ’
1077 495 1148 564 703

192 668 302 734 latum
318 675 386 733 est.
426 665 516 732 Illic
531 666 568 732 in
586 667 737 752 quodam
754 687 893 733 recessu
906 668 1063 736 ecclesian
1074 689 1149 736 ma·

190 768 281 853 jonis
302 767 546 834 exinteratum.
559 775 624 846 est,
638 787 682 832 ne
692 768 927 834 diuturnitate
947 779 1147 855 corruptum

195 889 300 934 nares
333 867 560 934 assidentium
574 868 645 934 «vel
674 871 866 946 astantium
896 873 1146 938 exacerbaret:

193 970 351 1055 reliquiae
366 967 621 1034 interaneorum
641 969 680 1036 iu
701 970 861 1040 caenobio
877 979 1009 1036 sanctae
1025 971 1149 1038 Maria
1188 996 1191 1001 ·

196 1069 240 1134 de
266 1070 384 1136 Pratis
404 1070 513 1154 juxta
534 1069 658 1134 urbem
685 1070 857 1153 humatae3
885 1068 978 1154 quod
1000 1073 1086 1155 ipse,
1108 1080 1149 1138 ut

191 1171 313 1250 audio,
340 1189 362 1235 a·
382 1177 574 1236 matresua
595 1169 892 1249 inchoatumncri
913 1173 1035 1254 paucis
1051 1192 1150 1238 -com-

195 1271 332 1355 pendiis
347 1267 595 1337 honoraverat
644 1269 782 1354 Corpus
797 1270 944 1337 cadomi
959 1281 1149 1351 servatum,

192 1369 377 1456 quousque
398 1386 540 1436 serenas
558 1387 663 1436 auras
688 1371 796 1455 paulo·
813 1371 1015 1438 dementior
1029 1373 1149 1457 hyems

194 1472 387 1551 inveheret,
403 1491 481 1556 quae
495 1479 571 1536 tum
585 1489 710 1554 aspera
724 1472 937 1538 inhorrebat.

262 1661 310 1709 DE
332 1660 521 1710 STEPHANO
544 1661 639 1710 REGE
661 1661 701 1708 IN
725 1661 880 1712 REGNUM
903 1663 1084 1713 PROM0r0.

250 1766 268 1856 §
292 1771 348 1836 ll.
377 1770 519 1835 Interea
540 1768 738 1853 Stephanus
771 1789 886 1836 comes
910 1771 1091 1838 Moritonii
1113 1782 1253 1844 cisterno
1263 1797 1310 1856 ,aar

199 1872 381 1949 Bononiae,
408 1889 516 1953 nepos
529 1871 633 1954 regis
659 1869 806 1936 Henrici
830 1869 889 1960 (ut
913 1890 1020 1956 supra
1046 1846 1285 1961 dixi),it.i¹.t“d¹¹¹

199 1973 261 2056 qui
288 1979 377 2056 post
393 1989 510 2053 regem
536 1971 663 2036 seouae
690 1971 823 2055 primus
847 1973 1015 2037 raucorum
1046 1947 1265 2040 memmi

199 2093 302 2138 suam
324 2071 536 2155 imperatrici
561 2071 812 2150 obstrinxerat,
839 2072 877 2136 in
900 2070 1066 2154 Angliam
1088 2095 1151 2159 per

199 2172 364 2240 witsand
377 2171 568 2238 maturavit
583 2171 784 2237 adventum.
822 2171 1032 2256 Imperatrix
1045 2176 1151 2241 certis

198 2294 244 2338 ex
272 2273 400 2352 musis
422 2272 534 2338 simul.
549 2271 709 2338 et.frater
733 2272 810 2358 ejus
832 2273 1009 2338 Robcrtus
1034 2294 1150 2342 comes

200 2372 426 2451 Gtoecestm,
439 2393 518 2437 cum
533 2374 693 2438 omnibus
706 2392 801 2456 pene<
810 2375 1022 2457 proceribus,
1036 2371 1150 2443 redire

197 2475 235 2540 in
250 2493 395 2559 regnum
410 2473 630 2540 distulerunt.
667 2472 840 2554 Quaedam
855 2468 988 2541 ¹tamen
1005 2477 1150 2543 castella

198 2577 236 2641 in
270 2576 499 2653 Normaunia,
525 2575 617 2640 inter
634 2593 715 2658 quae
733 2576 947 2660 praecipuum
972 2577 1149 2644 Dansron-

200 2684 288 2755 tum,
317 2676 476 2760 partibus
499 2674 646 2741 haeredis
672 2694 710 2739 se
740 2676 949 2759 applicuere.
1001 2677 1149 2745 Constat

62 2826 67 2833 .
193 2798 285 2843 sane
309 2776 370 2842 illo
397 2777 453 2841 die
477 2795 546 2859 quo
572 2775 773 2859 Stephanus
803 2778 971 2861 appulsus
992 2786 1048 2843 est
1072 2777 1148 2844 An-

195 2879 317 2962 gliam,
341 2896 475 2942 summo
497 2893 612 2955 manc,
631 2884 754 2942 contra
775 2885 935 2942 naturam
956 2878 1090 2962 hyemis
1110 2882 1148 2945 in

198 2979 400 3061 regionibus
424 2977 565 3055 nostris,
592 2978 816 3062 terricrepum
847 2998 971 3044 sonum
1003 2981 1148 3046 tonitrui

200 3100 279 3143 cum
306 3077 477 3144 horrendo
505 3077 644 3160 fulgure
674 3078 795 3156 tuisse,
824 3087 865 3143 ut
893 3080 1000 3163 paulo
1033 3080 1147 3146 minus

198 3180 348 3245 mundus
375 3179 464 3244 solvi
490 3178 733 3244 aestimaretur.
786 3178 865 3259 Ille,
886 3181 946 3246 ubi
969 3180 1306 3291 chundo-{paemen

199 3280 377 3347 aiensibus
402 3286 439 3344 et
451 3278 752 3344 wintoniensibus
777 3280 815 3344 in
836 3300 953 3363 regem
979 3290 1147 3367 exceptus
1183 3262 1218 3302 ‘¹⁸‘

197 3390 265 3460 est,
281 3382 388 3446 etiam
401 3380 579 3462 Rogerum
595 3379 878 3445 Salesbiriensem
892 3383 1092 3466 episcopum
1112 3393 1148 3450 ct

197 3483 414 3549 Willelmum
438 3480 480 3545 de
505 3480 618 3545 Ponte
636 3478 763 3558 Arous,
790 3482 952 3547 custodes
966 3484 1147 3549 thesauro·

199 3604 276 3648 rum
292 3582 472 3665 regalium,
489 3581 533 3645 ad
560 3600 597 3645 se
619 3581 831 3647 transduxit.
883 3582 940 3648 Ne
956 3590 1072 3649 tamen
1087 3605 1147 3651 ve·

198 3685 286 3749 ritas
312 3684 443 3749 celetur
470 3682 630 3765 posteris,
651 3702 770 3746 omnes
792 3682 869 3767 ejus
890 3692 1036 3749 conatus
1058 3685 1148 3751 irriti

198 3785 358 3862 fuissent,
381 3782 448 3846 nisi
467 3781 643 3847 Hem-icus
664 3782 773 3847 frater
794 3783 883 3867 cjuS,
895 3784 1147 3851 wintoniensis

198 3886 393 3969 episcopus,
417 3883 476 3967 qui
509 3876 629 3948 ²modo
663 3884 864 3968 apostolicae
891 3886 983 3950 sedis
1010 3886 1147 3969 legatus

198 3994 252 4051 est
276 3987 312 4049 in
331 3984 474 4067 Anglia,
500 3983 674 4067 placidum
698 3985 1008 4052 etcommodasset
1028 4006 1147 4052 assen-

235 4264 243 4296 ¹
258 4264 368 4328 Thraca]
388 4262 417 4314 S.
431 4262 461 4312 G.
473 4260 508 4311 D.
521 4261 546 4309 E
554 4265 579 4311 2.
591 4262 661 4323 La.;
721 4258 838 4326 ’Modo.]
855 4262 885 4314 S.
905 4263 937 4313 Ε.
955 4262 1028 4326 La.;
1044 4262 1148 4313 omitted

198 4337 301 4387 omitted
312 4336 338 4384 in
350 4336 375 4384 Ε
384 4338 407 4383 l.
685 4333 711 4380 in
725 4334 755 4383 C.
767 4333 802 4383 D.
