3100 5050
413 496 480 563 720
702 515 875 565 meroris
899 509 1074 565 novrum:
1224 501 1311 585 [ms.
1328 515 1365 563 ιι.

254 689 395 782 &pm
414 677 477 740 sim
497 674 774 760 possessionibus
796 675 868 740 suis
892 674 1136 758 spoliarentur.
1178 671 1252 737 Sibi
1273 673 1365 756 regis

415 785 538 842 contra
553 777 619 842 Dei
635 777 747 860 legem
767 795 948 840 excessum
971 781 1070 840 tanto
1087 774 1198 840 dolori
1216 793 1305 852 esse,
1327 781 1367 838 ut

415 878 536 943 mallet
562 897 600 942 se
626 878 737 943 multo
760 875 940 960 dispendio
959 883 995 940 et
1018 875 1173 960 corporis
1196 882 1234 939 et
1251 893 1366 939 rerum

416 996 557 1042 suarum
590 976 692 1057 affici,
727 995 833 1062 quam
863 976 1095 1062 episcopalem
1126 976 1364 1042 celsitudinem

416 1086 518 1143 tanta
542 1078 750 1161 indignitate
771 1077 884 1163 dejici.
937 1075 1160 1156 Quinetiam
1184 1096 1301 1160 regem
1325 1077 1366 1141 de

417 1178 656 1245 emendatione
689 1179 824 1262 peccati
854 1177 1055 1243 multotiens
1080 1172 1365 1259 ¹commonitum

417 1274 619 1364 ²postremo
654 1279 792 1344 concilii
828 1277 1047 1344 vocationem
1084 1298 1154 1343 non
1191 1279 1365 1344 abnuisse.

419 1381 569 1446 Proinde
590 1380 871 1464 archiepiscopus
892 1386 927 1445 et
946 1379 1067 1444 caeteri
1089 1379 1309 1444 consulerent
1330 1379 1366 1443 in

418 1482 568 1547 medium
580 1481 665 1564 quid
678 1501 767 1565 opus
784 1487 876 1546 esset
885 1479 979 1544 sacto
989 1499 998 1545 t
1007 1499 1052 1544 se
1065 1479 1109 1544 ad
1119 1475 1366 1545 'executionem

419 1582 553 1648 consilii
579 1602 644 1646 nec
663 1602 726 1667 pro
750 1581 854 1665 regis,
877 1581 937 1664 qui
957 1581 1023 1647 sibi
1048 1581 1156 1645 frater
1176 1587 1264 1660 erat,
1280 1581 1365 1645 ami·

418 1684 512 1761 citia,
524 1702 587 1748 nec
602 1703 666 1767 pro
679 1683 806 1748 damno
818 1682 1087 1766 possessionum,
1102 1699 1166 1746 nec
1182 1682 1288 1746 etiam
1303 1701 1366 1766 pro

418 1784 543 1870 capitis
554 1784 720 1869 periculo,
736 1781 957 1850 defuturum?

470 1884 488 1970 §
504 1885 559 1951 23.
577 1885 671 1950 Dum
688 1885 764 1949 haec
778 1884 837 1949 ille
851 1884 977 1948 sensim
993 1901 1056 1968 per
1065 1881 1367 1966 amplificationem

419 1987 577 2071 exponit,
591 2005 667 2064 rex,
683 2003 798 2050 causae
824 2003 896 2049 suae
919 2003 989 2048 uon
1004 1983 1148 2063 diffisus,
1165 1977 1310 2050 comites
1331 1987 1367 2050 in

419 2087 602 2152 concilium
615 2086 721 2166 misit,
731 2103 892 2170 quaerens
902 2105 965 2150 cur
978 2092 1125 2151 vocatus
1142 2091 1246 2150 esset.
1298 2087 1366 2152 Re·

419 2207 585 2271 sponsum
608 2194 663 2251 est
685 2207 707 2252 a
731 2183 849 2270 legato
874 2206 918 2252 ex
933 2187 1157 2270 compendio:
1182 2184 1286 2252 ‘Nou
1311 2187 1366 2252 de-

420 2290 500 2354 bere
523 2288 633 2366 illum,
649 2289 709 2372 qui
731 2307 769 2352 se
785 2287 914 2374 Christi
931 2286 1011 2351 fidei
1035 2287 1229 2372 subjectum
1251 2289 1368 2353 memi-

420 2390 540 2467 nisset,
561 2389 734 2472 indignari
758 2389 789 2452 si
812 2407 835 2454 a
856 2387 1022 2452 ministris
1040 2387 1169 2454 Christi
1197 2389 1242 2452 ad
1264 2389 1365 2454 satis·-

420 2489 606 2556 factionem
629 2496 777 2557 vocatus
802 2495 906 2568 esset,
941 2489 1030 2554 tanti
1061 2496 1177 2555 reatus
1209 2491 1367 2556 conscius

420 2597 589 2674 quantum
607 2598 727 2657 nostra
740 2592 858 2657 secula
874 2610 1043 2674 nusquam
1061 2590 1239 2655 vidissent.
1274 2590 1368 2656 Gen·

420 2692 534 2757 tilium
550 2692 679 2776 quippe
692 2693 885 2757 seculorum
903 2710 992 2777 opus
1007 2698 1100 2755 esset
1116 2692 1297 2777 episcopos
1315 2694 1367 2757 in-

420 2812 609 2871 carcerare,
631 2800 667 2857 ct
682 2793 958 2877 possessionibus
983 2792 1055 2856 suis
1074 2812 1212 2857 exuere.
1264 2793 1368 2858 Dice·

421 2901 499 2959 rent
526 2892 743 2976 ergo‘iratri,
765 2894 857 2977 quod
880 2894 910 2957 si
935 2893 1079 2958 consilio
1107 2912 1170 2958 suo
1195 2892 1369 2976 placidum

421 2994 638 3059 commodare
666 2994 870 3077 dignaretur
897 3012 1088 3072 assensum,
1118 2986 1189 3059 tale
1215 2994 1267 3058 illi
1292 2994 1368 3060 Deo

420 3103 563 3161 auctore
578 3095 772 3179 largiretur,
796 3096 851 3159 cui
874 3114 937 3160 nec
956 3094 1102 3160 ecclesia
1119 3094 1292 3173 Romana,
1307 3116 1370 3160 nec

421 3196 518 3261 curia
541 3195 633 3278 regis
649 3196 819 3274 Franciae,
843 3214 905 3261 nec
926 3196 1001 3279 ipse
1027 3207 1141 3260 comes
1156 3195 1370 3261 Tbetbaldus

420 3297 530 3362 frater
553 3297 730 3361 amborum
754 3296 910 3385 (sapiens
932 3295 1088 3380 profecto
1101 3298 1155 3361 vir
1178 3304 1213 3361 et
1234 3297 1369 3380 religio·

421 3394 501 3483 sus)
515 3418 560 3463 ex
577 3397 710 3462 ratione
736 3398 908 3464 contraire
930 3394 1060 3481 posset,
1074 3395 1134 3462 sed
1157 3397 1248 3481 quod
1276 3398 1372 3465 lavo·-

422 3499 577 3564 rabiliter
602 3498 785 3582 complecti
808 3498 993 3563 deberent:
1035 3498 1203 3565 Consulte
1228 3518 1311 3565 vero
1337 3501 1372 3565 in

334 3609 337 3616 ’
422 3599 686 3685 praesentiarum
707 3620 770 3664 rex
793 3599 934 3677 faceret,
960 3600 989 3664 si
1016 3600 1072 3663 vel
1095 3600 1265 3665 rationem
1286 3600 1369 3665 sacti

422 3701 476 3765 sui
504 3699 674 3778 redderet,
707 3700 764 3766 vel
798 3701 999 3765 canonicum
1027 3699 1196 3785 judicium
1227 3701 1370 3766 subiret.

423 3802 478 3866 Ex
497 3801 613 3867 debito
629 3800 735 3865 etiam
747 3808 907 3884 oportere
929 3808 968 3865 ut
983 3800 1137 3865 ecclesiae
1152 3800 1298 3881 faveret,
1313 3822 1372 3867 cu·

417 3902 478 3987 jus
494 3902 573 3966 sinu
588 3904 768 3985 exceptus,
788 3921 858 3966 non
873 3920 977 3965 manu
1000 3901 1160 3979 militum,
1176 3902 1214 3965 in
1228 3920 1372 3985 regnum

423 4011 602 4086 promotus
628 4002 775 4068 fuisset.'
826 3996 933 4067 ³Cum
949 4002 1042 4068 dicto
1060 4001 1204 4067 comites
1231 4004 1373 4086 egressi,

458 4210 676 4277 ¹Commouitsm.]
699 4214 732 4263 Ε
744 4213 819 4274 L2.;
842 4213 886 4263 ad·

422 4283 542 4331 monitum
545 4282 640 4343 ‚...tD
946 4281 1054 4350 ³Cum.]
1078 4288 1131 4348 Ε.;
1149 4287 1191 4336 Sic
1211 4302 1279 4351 cum,
1300 4289 1374 4339 S..D

422 4426 451 4475 S
456 4349 607 4474 ’gemme
601 4353 677 4420 ]E.;
684 4359 886 4419 postremotunc,
912 4340 965 4405 ts.
