3100 5050
426 496 493 563 536
648 510 762 561 ensrn
787 482 914 562 aranu
937 509 1152 560 arenosum
1228 494 1313 577 [mn.
1331 509 1381 557 ιν.

430 670 522 737 notis
551 670 684 736 artibus
710 670 830 736 toxica
851 669 908 735 vel
932 668 1132 733 fluminibus
1151 666 1208 732 vel
1225 666 1382 732 vestibus

301 818 305 827 ·
430 771 634 837 infundens:
659 771 719 837 sed
736 772 812 835 haec
828 768 1062 855 postmodum.
1114 768 1205 831 Tum
1222 787 1306 832 vero
1321 786 1382 831 ex-

219 3152 227 3161 ·
277 3096 399 3138 Δ.Ῑ).1096.

432 874 577 937 ercitum
602 874 687 937 urbe
713 890 847 949 arcens,
867 871 1138 954 proceribusque
1162 867 1289 932 blande
1312 868 1383 932 col·

432 974 582 1052 locutus,
606 980 744 1039 tantum
762 971 871 1037 Graia
888 970 1052 1035 facundia
1068 969 1191 1045 valuit,
1213 976 1253 1033 ut
1269 987 1291 1032 a
1310 969 1381 1031 sin-

434 1073 526 1156 gulis
550 1073 739 1138 hominium
769 1080 805 1137 et
830 1078 1084 1136 sacramentum
1108 1070 1267 1151 exigeret
1290 1068 1383 1153 quod

434 1173 488 1239 illi
500 1173 587 1238 nihil
602 1174 674 1239 doli
688 1172 990 1251 machinarentur3
1014 1170 1106 1254 quod
1122 1170 1225 1234 urbes
1238 1170 1384 1252 imperio

436 1292 501 1338 sno
526 1274 747 1359 appendices,
765 1274 796 1337 si
816 1270 999 1356 adquirere
1019 1278 1175 1355 possent,
1189 1270 1385 1347 redderent,

437 1375 616 1457 sanguinis
639 1375 694 1439 sui
719 1373 874 1458 periculo
895 1373 1047 1437 alienum
1072 1377 1266 1435 mercantes
1290 1390 1385 1435 com·

436 1474 588 1539 modum.
642 1474 715 1539 Soli
742 1472 942 1539 Raimundo
956 1473 1033 1537 visa
1053 1479 1107 1537 est
1129 1471 1305 1554 antiquior
1327 1477 1384 1535 tu·

438 1574 537 1639 endae
550 1574 721 1639 libertatis
743 1573 871 1657 gratia,
887 1580 928 1637 ut
943 1592 1007 1637 nec
1020 1572 1089 1656 ipsi
1105 1591 1207 1636 suum
1229 1572 1385 1635 subster-

437 1683 535 1740 neret
556 1674 758 1752 hominium,
784 1694 847 1739 nec
874 1674 1095 1756 profiteretur
1119 1678 1384 1736 sacramentum.

438 1775 578 1860 Itaque,
601 1775 732 1840 coactis
754 1774 914 1840 omnibus
928 1773 1072 1851 viribus,
1096 1772 1243 1838 Niceam
1264 1772 1386 1836 urbem

438 1875 603 1940 Bithiniae
630 1875 891 1959 aggrediuntur.
944 1874 1064 1958 Ipsam
1087 1866 1196 1937 ¹enim
1225 1871 1387 1956 primitus

437 1976 617 2058 placuerat
633 1976 764 2054 invadi,
780 1974 873 2057 quod
888 1980 923 2039 et
940 1974 1115 2039 viantibus
1138 1972 1335 2051 obsisteret,
1352 1979 1388 2037 et

437 2082 583 2141 mortem
598 2076 858 2160 peregrinorum
874 2094 985 2157 nuper
1000 2074 1048 2138 ibi
1062 2074 1255 2140 occisorum
1272 2074 1387 2137 ultum

437 2176 488 2240 ire
514 2176 658 2241 animati
683 2184 819 2241 essent:
854 2193 1002 2259 namque
1026 2173 1206 2240 Walterus
1233 2173 1387 2256 quidam,

437 2276 537 2341 miles
554 2278 721 2360 probatus
744 2275 806 2340 sed
823 2294 990 2359 praeceps,
1003 2272 1105 2361 (quia
1119 2274 1182 2340 vix
1198 2274 1235 2337 in
1250 2272 1389 2337 homine

437 2396 508 2441 uno
530 2377 736 2459 sapientiam
757 2386 794 2440 et
807 2375 989 2440 audaciam
1011 2373 1280 2458 conspicaberis
1294 2373 1388 2458 quod

437 2476 549 2542 altera
563 2483 728 2556 moretur,
738 2475 851 2542 altera
864 2472 1090 2561 praecipitet)
1101 2475 1388 2558 incircumspecte

438 2577 531 2642 circa
554 2577 684 2643 moenia
708 2577 894 2652 cursitans,
917 2595 995 2640 cnm
1020 2575 1132 2641 multa
1153 2595 1259 2640 mann
1283 2595 1387 2640 occu·

437 2677 570 2742 buerat.
623 2677 711 2742 Eam
727 2696 867 2740 manum
885 2675 1013 2740 Petrus
1032 2676 1200 2742 heremita
1216 2675 1386 2760 praedica·

437 2777 590 2843 tionibus
605 2777 677 2842 suis
695 2777 737 2841 de
754 2777 871 2861 patria
885 2777 1090 2861 pellexerat.
1330 2771 1333 2773 ’

676 2971 723 3017 DE
746 2969 913 3018 ROBER'I'O
935 2969 1153 3020 NORMANNO.

490 3075 599 3160 5350.
623 3075 646 3141 J
650 3096 706 3140 am
727 3096 811 3143 vero
835 3097 952 3142 mense
978 3078 1184 3161 Septembri,
1210 3079 1387 3144 Robertns

439 3173 720 3241 Normannorum
744 3197 872 3256 comes,
887 3178 995 3243 frater
1008 3179 1176 3245 Willelmi
1199 3181 1303 3262 regis,
1325 3200 1386 3244 cu·

433 3275 495 3360 jus
510 3275 651 3341 titulum
664 3276 720 3340 hic
737 3277 825 3342 liber
840 3285 968 3360 gestat,
984 3281 1051 3344 iter
1061 3279 1148 3343 illud
1162 3279 1291 3344 adoriri
1306 3300 1387 3362 ges-

439 3374 540 3454 tiens,
557 3377 680 3441 habuit
694 3378 807 3442 socios
824 3378 1017 3443 Robertum
1030 3379 1290 3457 Flandrensem,
1308 3379 1386 3445 Ste-

437 3474 592 3557 phanum
626 3476 826 3542 Blesensem
864 3479 994 3543 sororis
1030 3480 1205 3544 maritum.
1257 3479 1387 3544 Omnes

439 3576 564 3660 amplae
593 3577 764 3661 prosapiae
787 3577 1002 3655 comicum
1025 3579 1150 3661 quibus
1164 3580 1277 3644 virtus
1298 3580 1387 3644 citra

438 3695 549 3758 genus
572 3696 642 3740 non
665 3683 756 3742 erat.
809 3676 988 3742 Parebant
1013 3679 1063 3742 eis
1083 3677 1204 3760 Angli,
1226 3686 1262 3744 et
1290 3679 1385 3744 Nor-

438 3776 568 3853 manni,
591 3782 627 3841 et
644 3775 887 3843 Occidentales
910 3776 1050 3855 Franci,
1070 3785 1107 3842 et
1131 3779 1332 3858 Flandritae,
1350 3788 1387 3845 et

438 3876 590 3940 omnium
606 3877 812 3958 populorum
828 3878 929 3942 cunci
946 3878 1006 3960 qui
1027 3878 1072 3941 ab
1095 3897 1226 3944 oceano
1244 3879 1387 3944 Britan·

437 3975 516 4039 nico
533 3994 643 4058 usque
660 3976 704 4040 ad
722 3975 833 4060 Alpes
850 3977 1101 4042 mediterraneo
1118 3985 1232 4043 tractu
1251 3980 1385 4064 jacent.

438 4072 497 4139 Ita
512 4075 606 4140 viam
623 4076 768 4158 profecti
784 4071 1006 4161 ²receperunt
1018 4077 1112 4160 apud
1130 4077 1244 4142 Lucas
1258 4098 1386 4163 papam

433 4289 629 4417 ζ’ζῑηεωμ.
642 4300 898 4377 sanamus-
922 4273 1388 4399 „².ffl”quc¹³‘.⁵¹⁹⁹⁰fi⁰m{’

444 4369 580 4420 edlnEl.
922 4362 1043 4467 Astape
1101 4351 1387 4415 l‚··,r0ppererun‚
