3100 5050
195 537 267 585 mn.
284 519 343 602 ιι]
484 535 660 590 elisaeum
684 537 861 588 novrum.
1083 523 1149 590 719

195 695 392 778 sumptibus
416 701 452 762 et
472 695 509 762 in
523 713 669 779 querum
691 696 793 762 terris
816 701 1018 764 constructa
1037 703 1149 776 erant,

196 795 397 874 reddiderit,
411 795 471 863 sed
487 796 598 875 laicis,
612 796 810 881 eisdemque
826 815 949 880 perum
964 796 1148 880 religiosis,

196 896 470 965 contradiderit?
521 897 598 966 Iste
618 897 675 966 vir
697 897 756 966 ille
781 904 854 964 tum
877 897 1052 982 privatim,
1073 905 1148 964 tum

196 998 305 1067 ctiam
318 997 455 1081 publice
473 1017 592 1068 cerem
614 1017 697 1084 rege
723 997 909 1078 affirmans,
926 997 1150 1102 ejusdemque

198 1117 302 1166 aures
315 1099 359 1164 de
372 1099 577 1169 liberatione
590 1106 626 1166 et
639 1098 859 1168 restitutione
870 1098 1071 1214 pontificum
1086 1118 1149 1184 ap-

198 1199 347 1283 pellens,
362 1219 497 1268 omnem
513 1200 730 1284 eomunpeit
750 1218 904 1284 operam,
920 1199 957 1264 iu
972 1199 1069 1265 nullo
1086 1219 1149 1266 au·
1273 1215 1277 1234 ¹

198 1300 313 1369 ditus:
344 1307 569 1385 quapropter,
589 1301 744 1385 vigorem
769 1319 943 1368 canonum
964 1299 1148 1384 experien-

199 1400 284 1466 dum
307 1408 417 1480 ratus,
438 1401 703 1486 coucilic‚quod
725 1408 852 1487 quarto
872 1399 1040 1467 kelandas
1060 1399 1148 1486 Sep·
1162 1427 1260 1480 regn.

199 1501 343 1569 tembn's
359 1501 595 1571 celebraturus
617 1509 694 1568 erat
704 1500 908 1581 wintoniae,
932 1501 1074 1568 betium
1095 1502 1150 1568 in·

198 1608 404 1671 cunctanter
419 1602 541 1672 adesse
555 1600 731 1688 praecepit.

199 1795 249 1842 nit
264 1795 432 1845 concisio
454 1795 590 1844 HABITO
608 1795 678 1846 PRO
694 1794 873 1846 CAP'HONE
889 1793 1150 1847 cpiscoporum.

253 1904 349 1990 §22
372 1905 479 1976 Dicto
504 1906 561 1975 die
587 1925 707 1974 omnes
729 1905 801 1972 sere
824 1904 978 1990 episcopi
999 1904 1152 1990 Angliee,
1165 1927 1282 1970 amma

201 2025 282 2072 cum
298 2005 495 2076 Thetboldo
506 2005 768 2091 archiepiscopo
785 2005 985 2072 Gantuemee
994 2027 1054 2091 qm
1045 2007 1153 2074 Wil·
1166 1979 1287 2022 mmm
1242 1986 1304 2022 ‘'²⁰‘'

201 2107 306 2175 lelmo
325 2115 552 2187 successerat,
565 2105 976 2175 veneruutWintouiam.
1027 2105 1153 2174 Archi-

201 2209 386 2293 episcepus
407 2207 641 2278 Ebomeensis
664 2205 851 2276 Turetinus
875 2227 939 2292 pro
954 2207 1154 2274 valetudine

203 2327 276 2393 qua
297 2309 525 2392 gravabatur,
547 2309 609 2377 vix
634 2309 726 2376 enim
750 2307 858 2374 animi
870 2308 1004 2374 viribus
1028 2328 1153 2392 corpus

203 2411 361 2493 regebat,
376 2411 493 2482 ceteri
506 2428 590 2478 uero
606 2428 669 2493 pro
681 2427 820 2493 guerre,
837 2408 945 2476 literis
959 2410 1153 2476 absentiam

201 2530 302 2577 suam
315 2517 555 2581 excusarunt·
591 2509 736 2579 Lectum
759 2517 815 2579 est
831 2509 942 2595 primo
956 2509 992 2577 in
1005 2510 1152 2577 concilio

202 2612 380 2681 decretum
405 2610 601 2682 iunocentii
623 2630 737 2696 pspm,
759 2630 830 2695 quo
847 2611 924 2695 jam
946 2631 969 2677 a
994 2610 1153 2679 kalendis

204 2712 329 2780 Martii
341 2709 391 2800 (si
414 2714 501 2783 bene
520 2709 756 2798 commemini)
771 2720 889 2795 partes
910 2712 1154 2778 sollicitudinis

202 2832 280 2879 suae
300 2813 392 2883 idem
411 2814 627 2898 apostolicus
639 2813 779 2881 domino
800 2812 962 2897 episcopo
978 2813 1154 2879 Wintoni·

203 2914 281 2980 ensi
292 2913 374 2999 jure
396 2913 582 2998 legationis
606 2913 644 2981 in
666 2911 799 2997 Anglia
818 2913 1027 2998 injunxerat
1080 2914 1154 2979 Ex·

202 3022 344 3099 ceptum
361 3014 396 3085 id
411 3034 547 3085 summo
561 3014 693 3093 lavore,
704 3014 812 3099 quod,
825 3014 1052 3081 diuturnitate
1066 3020 1153 3080 tam-

202 3114 300 3200 poris
329 3115 594 3199 temperantiam
622 3134 721 3181 suam
748 3114 935 3183 ostendens
959 3114 1155 3200 episcopus,

204 3236 276 3283 non
289 3236 329 3281 se
344 3223 522 3301 preerupta
535 3216 689 3299 legatum
704 3215 959 3299 promulgasset
968 3215 1155 3300 jactantia.

206 3316 385 3388 Processit
397 3317 560 3401 deinceps
572 3317 609 3384 in
626 3316 773 3383 concilio
788 3334 900 3382 sermo
916 3315 1071 3401 ejusdem
1086 3316 1155 3383 Le-

204 3418 347 3497 tialiter,
361 3417 407 3484 ad
421 3417 579 3486 literatos
593 3416 745 3493 babitus.
760 3416 803 3483 de
818 3415 1057 3499 indignatione
1073 3437 1155 3502 cep-

204 3518 311 3584 tionis
344 3518 605 3603 episcoporum:
644 3537 793 3601 quorum
829 3516 1087 3583 salesbiriensis
1117 3520 1156 3583 in

203 3638 344 3685 camera
365 3619 484 3697 curiae,
512 3618 785 3687 lindocoliensis
803 3617 843 3685 in
870 3617 1060 3685 diversorio
1091 3638 1155 3685 suo

203 3718 389 3803 intercepti
399 3727 536 3801 essent;
555 3718 744 3797 Helieusis,
758 3719 953 3801 exemplum
969 3719 1081 3783 simile
1094 3740 1155 3785 vc-

203 3822 305 3899 ritus,
318 3820 430 3891 veloci
444 3819 605 3904 profugio
619 3817 663 3887 ad
681 3819 823 3886 Divisae
837 3838 876 3885 se
891 3818 1081 3885 calamitati
1092 3840 1155 3884 ex-

203 3922 359 3991 emisset.
410 3920 553 3991 ‘Scelus
566 3920 762 3989 miserabile
781 3939 896 4003 regem
911 3921 955 3985 ab
968 3920 1155 3987 incentori-

203 4023 271 4087 bus
292 4023 344 4089 ita
364 4020 472 4093 fuisse
493 4022 686 4099 seductum,
698 4028 739 4089 ut
751 4020 947 4087 hominibus
967 4020 1054 4099 suis,
1066 4040 1156 4105 pree-

204 4124 324 4190 sertim
347 4122 532 4207 episcopis,
547 4124 585 4186 iu
602 4122 707 4187 euriae
720 4140 796 4185 suee
810 4140 897 4204 pace
917 4138 1042 4185 munus
1059 4121 1156 4207 injici

199 4224 376 4309 jussisset.
427 4221 578 4308 Adjecta
598 4229 691 4288 esset
713 4220 810 4303 regio
827 4220 984 4287 dedecori
1004 4222 1157 4287 coelestis

203 4325 345 4410 injuria,
369 4331 419 4404 ut,
438 4325 503 4389 sub
518 4324 664 4390 obtentu
686 4323 798 4407 culpae
820 4322 1034 4407 pontificum,
1048 4323 1155 4389 cccle-
