3100 5050
450 509 516 576 ⁴94
664 526 779 576 casus
802 525 930 577 arcun
953 524 1168 575 aucmnuu.
1250 511 1338 592 [crs.
1354 527 1403 574 rr.

451 691 533 747 tunc
556 691 740 766 satagente
765 683 924 749 Beberto
949 684 1086 761 comite,
1111 684 1173 768 qui
1198 682 1401 748 familiarem

445 783 677 866 jamdudum
709 784 803 867 apud
837 784 997 850 Scottum
1029 785 1206 850 locaverat
1238 785 1400 865 gratiam,
1520 790 1521 817 t

448 882 541 946 inter
557 883 784 948 Malcolmum
804 892 842 950 et
853 885 1067 950 Willelmum
1085 885 1271 950 concordia
1289 884 1400 950 inita:

448 989 676 1048 veruntamen
701 984 821 1049 multis
850 985 1094 1050 controversiis
1121 985 1307 1065 utrobique
1338 983 1399 1048 ba·

447 1082 542 1160 bitis,
562 1088 598 1148 et
615 1083 807 1149 fluctuante
827 1090 971 1168 propter
988 1091 1214 1166 utrorumque
1237 1085 1400 1148 animosi·
1521 1120 1522 1157 ς

448 1189 557 1247 tatem
575 1183 728 1267 justitia,
751 1183 960 1248 Malcolrnus
979 1183 1073 1249 ultro
1087 1182 1327 1248 Gloecestram
1343 1205 1399 1249 vc·
1521 1182 1522 1187 ’

448 1283 513 1360 nit,
539 1284 649 1366 eequis
681 1284 857 1348 duntaxat
880 1283 1149 1360 conditionibus,
1171 1283 1303 1348 multus
1335 1304 1399 1368 pro

448 1401 535 1465 pace
547 1377 741 1466 ¹precat0r3
765 1383 1031 1467 necquicquam
1047 1383 1210 1462 obtinuit,
1226 1384 1295 1448 nisi
1309 1392 1350 1449 ut
1361 1386 1398 1448 in

448 1501 593 1564 regnum
616 1483 786 1547 indemnis
801 1477 960 1560 ’rediret
981 1483 1192 1566 dedignante
1215 1503 1298 1565 rege
1318 1485 1400 1549 dolo

448 1601 571 1665 capere
586 1603 688 1666 quem
702 1584 831 1648 virtute
855 1584 1061 1666 subegisset.
1102 1583 1270 1666 Idemque
1290 1604 1397 1666 prox·
1522 1602 1523 1607 ’

446 1681 518 1747 ima
531 1682 666 1766 hyeme,
685 1684 729 1758 ab
751 1684 947 1749 hominibus
962 1682 1109 1748 liuberti
1130 1684 1268 1748 comitis
1281 1682 1397 1748 Hum-

447 1783 633 1860 bremium,
660 1784 773 1867 magis
793 1783 916 1848 fraude
939 1801 1045 1867 qnam
1070 1783 1202 1848 viribus
1224 1784 1396 1849 occubuit.

448 1880 559 1966 Cujus
575 1883 736 1948 interitus
759 1892 902 1972 accepto
923 1883 1061 1961 nuncio,
1074 1902 1166 1947 uxor
1182 1883 1396 1965 Margareta,

299 2055 360 2085 m
446 1983 673 2065 eleemosynis
685 1991 721 2049 et
737 1983 904 2066 pudicitia
923 1984 1083 2066 insignis,
1097 1982 1279 2050 fastidiens
1293 1983 1396 2067 hujus
1523 2044 1524 2057 2

445 2082 533 2147 lueis
562 2101 708 2161 moram,
734 2091 879 2148 mortem
910 2084 1066 2166 precario
1097 2083 1217 2165 exegit
1248 2102 1270 2147 a
1296 2083 1395 2149 Deo:

446 2185 549 2248 ambe
565 2182 662 2247 cultu
677 2183 819 2267 pietatis
831 2183 998 2265 insignes,
1006 2183 1069 2248 illa
1077 2184 1261 2267 praecipue.
1286 2183 1396 2248 Nam-

446 2302 513 2365 que
536 2290 611 2347 toto
625 2283 709 2348 vitoe
732 2290 887 2367 tempore
903 2284 1030 2365 viginti
1048 2290 1200 2366 quatuor
1225 2302 1396 2367 pauperes

444 2382 607 2461 habebat,
630 2383 828 2465 ubicunque
850 2383 1004 2448 locorum
1027 2390 1114 2461 erat,
1142 2402 1229 2465 quus
1252 2384 1339 2447 cibis
1360 2391 1397 2448 et

444 2483 599 2549 vestibus
624 2481 811 2548 reficiebat.
862 2482 1049 2561 Caeterum,
1076 2482 1294 2549 sacerdotum
1315 2503 1395 2549 cau-

444 2590 518 2647 tum
544 2585 580 2648 in
610 2582 887 2666 Quadragesima
916 2584 1144 2668 preveniens,
1178 2584 1337 2648 nectibus
1358 2585 1395 2647 in

443 2684 573 2767 templo
595 2685 805 2763 excubabat,
826 2683 1021 2768 triplicibus
1043 2683 1223 2748 matutinis
1242 2685 1321 2766 ipsa
1343 2684 1396 2747 in-

441 2784 581 2863 sistens,
597 2783 640 2848 de
656 2783 842 2862 Trinitate,
857 2784 901 2848 de
917 2783 1040 2860 cruce,
1055 2784 1098 2848 de
1118 2790 1242 2847 sancta
1257 2783 1393 2865 Maria3

443 2884 523 2949 iude
549 2885 764 2969 psalterium,
793 2904 871 2948 curn
901 2884 1088 2967 lachrymis
1118 2889 1251 2947 vestem
1277 2883 1394 2947 infun·

443 2984 616 3063 dentibus,
638 2991 760 3068 pectus
782 2984 1066 3048 succutientibus.
1116 2982 1264 3066 Templo
1279 2983 1393 3065 digre-

442 3083 540 3149 diens
556 3084 722 3168 pascebat
736 3103 919 3168 pauperes,
934 3084 1045 3167 primo
1062 3089 1145 3161 tres,
1158 3102 1241 3147 mox
1257 3104 1393 3161 novem,

442 3182 522 3246 inde
548 3184 674 3265 viginti
699 3192 863 3266 quatuor,
888 3190 1064 3266 pestremo
1088 3190 1285 3262 trecentos;
1315 3184 1394 3266 ipsa

442 3302 521 3347 curn
535 3303 617 3365 rege
631 3284 811 3361 assistens,
826 3290 862 3348 et
877 3285 1037 3350 manibus
1056 3301 1181 3364 aquam
1197 3282 1392 3347 infundens.

441 3383 640 3467 Eadgarum
662 3382 771 3447 filium
792 3384 881 3467 ejus,
895 3383 1080 3467 expulsum
1103 3402 1125 3446 a
1146 3389 1285 3466 patruo,
1301 3382 1393 3447 Wil-

440 3482 564 3547 lelmus
588 3483 791 3548 reformavit
818 3483 919 3562 solio,
950 3482 1093 3566 egregia
1119 3482 1223 3566 plane
1250 3489 1287 3546 et
1313 3502 1393 3565 quae

441 3585 577 3647 tautum
600 3584 714 3649 virum
737 3584 883 3648 decebat
911 3584 1054 3666 pietate,
1084 3589 1136 3659 ut,
1167 3589 1392 3665 paternarum

439 3682 644 3765 injuriarum
660 3684 851 3760 immemor,
865 3682 975 3747 filium
988 3682 1178 3765 supplicem
1192 3683 1393 3748 restitueret

440 3802 559 3865 regno.

277 3893 418 3985 {rumpuat
491 3882 509 3967 ᾖ
528 3882 605 3947 312.
627 3882 833 3947 Excellebat
856 3883 892 3945 in
915 3900 956 3945 eo
982 3882 1263 3963 magnanimitas,
1285 3901 1390 3964 quam

276 3994 405 4035 oswinum
438 3981 512 4066 ipse
528 4002 691 4066 processu
707 3982 873 4064 temporis
899 3980 1006 4045 nimia
1030 3983 1215 4046 severitate
1231 3981 1390 4045 obfusca-

470 4254 477 4285 ¹
490 4255 629 4319 Pacatum]
640 4255 674 4306 A.
686 4256 719 4305 D.
731 4256 763 4303 E.
776 4255 809 4305 Ia.
819 4271 827 4317 ς
837 4269 896 4317 pec-
957 4249 968 4283 ²
980 4253 1104 4318 Ratira]
1121 4253 1155 4303 A.
1168 4254 1203 4303 D.
1219 4254 1252 4305 E.
1266 4255 1316 4317 L.;
1333 4256 1388 4305 abi·

434 4331 512 4389 cator,
524 4325 552 4375 S.
566 4327 595 4375 G.
923 4327 970 4385 rat,
980 4323 1009 4374 S.
1023 4324 1053 4373 0.
