3100 5050
388 484 393 497 '
420 490 486 555 506
635 504 750 554 casus
774 504 901 553 uuouu
925 503 1140 553 suononuu.
1225 487 1312 569 [mn.
1329 503 1376 550 iv.

265 888 320 929 Ab.
334 885 389 924 1094.

277 2386 332 2426 Μ).
344 2386 400 2424 109⁸.

280 3287 335 3327 Ab).
347 3286 404 3324 1099.

260 3636 262 3641 Ι
282 3585 337 3625 an.
348 3586 403 3623 1100.

425 664 583 751 plaustra
612 661 837 742 ducentibus;
868 681 931 726 nec
962 680 1071 739 mora,
1100 659 1254 726 resoluto
1284 660 1378 744 gelu,

424 766 555 848 impetu
570 762 767 845 glacialium
783 770 977 828 crustarum
993 769 1117 845 pontes
1131 761 1274 826 effracti.

479 864 497 949 ξ
513 863 589 929 327.
612 861 767 945 Septimo
787 881 891 942 anno,
906 870 1049 947 propter
1065 863 1196 927 tributa
1211 881 1290 944 quae
1312 882 1376 926 rex

428 967 465 1030 in
487 962 705 1029 Normannia
731 964 866 1046 positus
888 964 1058 1041 edixerat,
1085 962 1298 1045 agricultura
1319 962 1375 1025 de·

429 1066 534 1131 fecit:
559 1083 629 1147 qua
653 1062 847 1141 fatiscente,
867 1063 976 1129 fames
1001 1062 1206 1145 evestigi03
1230 1081 1273 1126 ea
1288 1082 1375 1144 quo-

430 1184 499 1249 que
515 1164 763 1241 invalescente,
780 1164 974 1229 mortalitas
988 1162 1166 1229 hominum
1180 1164 1377 1239 subsecuta,

431 1266 517 1331 adeo
543 1266 663 1329 crebra
686 1270 726 1327 ut
748 1263 884 1328 deesset
910 1262 1085 1329 morituris
1109 1283 1205 1342 cura,
1233 1263 1378 1327 mortuis

432 1365 622 1449 sepultura.
675 1362 777 1428 Tunc
789 1365 894 1429 etiam
904 1364 1088 1429 Walenses
1102 1362 1139 1427 in
1156 1362 1379 1428 Normannos

434 1466 579 1543 efferati,
593 1464 814 1529 Castrensem
830 1484 960 1548 pagum
975 1472 1011 1529 et
1027 1471 1162 1547 partem
1183 1463 1379 1528 Sorobesbi·

434 1566 556 1631 rieusis
573 1564 788 1648 depopulati,
801 1562 1006 1648 Anglesiam
1023 1563 1129 1628 armis
1143 1564 1336 1628 obtinuere.

485 1664 593 1751 §328.
618 1664 763 1729 Decimo
787 1684 879 1730 anno
905 1664 1064 1731 kalendis
1090 1663 1252 1729 Octobris
1274 1682 1383 1746 appa·

435 1767 504 1831 ruit
526 1772 689 1842 cometes,
711 1764 906 1846 quindecim
927 1765 1048 1830 diebus
1070 1763 1237 1849 maJ'orem
1254 1764 1383 1827 crinem

436 1866 597 1931 emittens
620 1864 858 1944 adorientem,
880 1866 1046 1930 minorem
1059 1883 1180 1929 versus
1202 1882 1385 1928 euro-aus·

437 1974 548 2031 trum:
578 1973 815 2049 apparuerunt
836 1973 872 2029 et
893 1965 972 2030 aliae
996 1964 1119 2042 stellae,
1145 1963 1245 2047 quasi
1263 1964 1385 2048 jacula

436 2068 528 2131 inter
556 2084 594 2129 se
627 2065 837 2129 emittentes.
889 2066 956 2129 Ille
984 2065 1050 2129 fnit
1080 2082 1191 2128 annus
1216 2083 1286 2146 quo
1309 2062 1385 2128 An-

437 2167 566 2231 selmus
586 2166 650 2230 lux
675 2162 827 2247 Angliae,
854 2165 946 2230 ultro
975 2166 1136 2230 tenebras
1165 2183 1386 2229 erroneorum

438 2267 617 2349 effugiens,
632 2264 783 2329 Romam
798 2266 873 2331 ivit

490 2365 595 2449 §329.
609 2365 802 2430 Undecimo
817 2385 909 2430 anno
923 2386 987 2430 rex
998 2364 1206 2431 Noricorum
1220 2363 1388 2446 Magnus,

440 2484 518 2531 cum
534 2464 692 2530 Haroldo
706 2465 779 2531 filio
791 2464 941 2532 Haroldi
952 2466 1043 2550 regis
1051 2464 1225 2549 quondam
1234 2462 1388 2547 Angliae,

440 2566 596 2632 Orcadas
620 2566 753 2631 insulas
777 2573 814 2632 et
829 2567 1025 2645 Mevaniae,
1039 2574 1075 2631 et
1098 2567 1130 2630 si
1144 2585 1223 2648 quae
1248 2564 1327 2628 aliae
1349 2565 1386 2629 in

440 2685 570 2732 oceano
591 2666 724 2750 jacent,
751 2667 857 2732 armis
882 2668 1042 2750 subegit3
1061 2666 1205 2751 jamque
1220 2663 1386 2747 Angliam

440 2786 502 2848 per
516 2764 719 2848 Anglesiam
744 2768 946 2832 obstinatus.
962 2767 1122 2849 petebat:
1149 2764 1209 2829 sed
1231 2784 1389 2829 occurre-

440 2873 522 2930 runt
537 2867 569 2930 ei
583 2867 738 2944 comites,
755 2865 864 2950 Hugo
879 2853 1086 2943 Cestrensis,
1102 2873 1137 2930 et
1154 2864 1262 2947 Hugo
1284 2865 1387 2930 Scro-

441 2966 683 3047 besbirieusis3
706 2974 753 3044 et,
772 2974 959 3050 antequam
978 2966 1210 3031 continentem
1229 2964 1387 3047 ingrede-

442 3074 548 3143 retur,
564 3067 668 3130 armis
686 3085 765 3130 eum
788 3067 1009 3150 expulerunt.
1061 3065 1196 3130 Cecidit
1214 3065 1262 3128 ibi
1278 3064 1387 3147 Hugo

442 3165 759 3243 Scrobesbiriensis,
776 3166 910 3230 eminus
921 3166 1036 3231 terreo
1048 3165 1167 3230 hastili
1179 3165 1367 3248 perfossus.

493 3264 512 3347 §
531 3264 606 3329 330.
630 3265 844 3330 Duodecimn
867 3279 966 3330 'anno
989 3266 1116 3330 fluctus
1142 3265 1295 3329 marinus
1327 3284 1390 3346 per

442 3363 618 3428 Tamesim
637 3364 780 3430 fluvium
806 3366 973 3443 ascendit,
990 3374 1027 3430 et
1043 3366 1146 3430 villas
1163 3365 1291 3430 multas
1310 3384 1389 3428 cum

442 3463 638 3529 hominibus
652 3465 782 3530 mersit.
918 3541 922 3545 ¹

494 3564 598 3647 §33L
621 3564 875 3629 Tertiodeoimo
888 3584 993 3644 anno,
1008 3565 1068 3647 qui
1084 3572 1120 3629 et
1134 3570 1310 3628 extremus
1325 3561 1390 3626 fuit

443 3664 538 3742 vitae,
558 3664 668 3729 multa
688 3664 855 3730 adversat
878 3665 945 3729 hoe
968 3684 1108 3748 quoque
1132 3663 1284 3727 maxime
1309 3661 1389 3725 hor·

444 3764 599 3840 rendum,
615 3764 707 3846 quod
725 3764 908 3829 visibiliter
921 3764 1081 3829 diabolus
1097 3761 1260 3847 apparuit
1281 3760 1390 3825 bomi-

443 3864 544 3928 nibus
565 3864 603 3927 in
619 3864 766 3929 saltibus
781 3872 817 3929 et
833 3864 956 3942 deviis,
970 3870 1190 3929 transeuntes
1207 3862 1390 3927 allocutus.

444 3963 621 4028 Praeterea
648 3964 684 4027 in
711 3983 804 4046 pago
830 3964 1063 4041 Berruoscire,
1087 3965 1124 4026 in
1148 3963 1234 4029 villa
1261 3955 1393 4025 ¹Ham·

443 4065 552 4142 stede,
566 4062 738 4134 continuis
747 4064 942 4147 quindecim
957 4065 1078 4128 diebus
1094 4063 1173 4127 fons
1188 4061 1393 4144 sanguinem

480 4318 487 4348 ¹
501 4316 656 4390 Harmatelia]
675 4321 707 4373 A.
722 4323 750 4372 S.
765 4324 795 4372 C.
809 4322 843 4372 D.
856 4321 888 4370 E.
901 4319 949 4381 L.;
967 4318 1157 4382 Finghamsted,
1168 4318 1197 4367 S.
1209 4315 1275 4383 (var.
1286 4314 1360 4381 lect.)
