3100 5050
162 527 234 576 nin.
253 511 304 594 v.]
394 529 510 578 ousrr
533 529 660 580 arcun
686 530 900 580 tuononun.
1052 515 1119 580 649

163 704 235 749 non
257 685 418 750 elationis
440 686 586 765 ambitu,
610 686 672 751 sed
697 707 890 770 procerum,
907 695 942 753 et
964 688 1115 754 maxime

162 785 302 849 comitis
318 785 361 850 de
377 785 547 851 Mellento
562 787 740 866 instinctu,
752 781 825 871 qui,
839 790 874 853 in
890 788 956 853 hoc
972 791 1115 870 negotio

161 886 277 968 magis
304 887 451 969 antiqua
475 887 724 953 consuetudine
750 906 856 971 quam
883 890 968 954 recti
994 896 1114 954 tenore

162 987 334 1050 rationem
365 988 603 1065 reverberans,
632 987 808 1070 allegabat
833 989 981 1054 multum
1007 990 1112 1072 regiae

163 1085 343 1170 majestati
358 1086 516 1165 diminui,
532 1087 575 1166 si,
592 1088 756 1152 omittens
769 1107 900 1152 morem
916 1095 1113 1154 antecesso-

162 1204 254 1263 rum,
269 1203 341 1249 non
361 1186 545 1252 investiret
568 1187 716 1252 electum
731 1207 795 1271 per
809 1188 970 1252 baculum
992 1196 1028 1254 et
1050 1209 1113 1254 an-

162 1285 295 1350 nulum.
348 1284 586 1351 Veruntamen
617 1306 694 1365 rex,
717 1287 919 1370 diligentius
954 1289 1111 1372 inspecto

162 1385 247 1467 quid
276 1384 395 1450 vivida
419 1387 643 1469 epistolarum
674 1389 777 1465 ratio,
806 1388 888 1471 qnid
916 1388 1111 1453 divinorum

162 1503 344 1548 munerum
361 1485 398 1549 in
419 1505 457 1549 se
471 1487 618 1551 ubertim
632 1488 810 1552 confluens
828 1488 1027 1553 admoneret
1044 1485 1112 1553 l'ar-

162 1585 263 1667 gitio,
286 1585 529 1650 investituram
555 1588 676 1650 annuli
701 1595 737 1652 et
758 1588 874 1652 baculi
899 1588 1044 1654 indulsit
1074 1591 1112 1653 in
1211 1583 1213 1586 ’

160 1692 389 1768 perpetuum
415 1690 551 1751 retento
569 1680 724 1751 ¹tantum
749 1688 929 1752 electionis
956 1696 991 1753 et
1014 1708 1114 1771 rega·
1225 1729 1267 1748 ,„„

161 1783 248 1849 lium
272 1784 468 1868 privilegio.
521 1786 653 1851 Coacto
681 1807 766 1870 ergo
784 1788 877 1871 apud
895 1787 1112 1852 Londoniam

120 1943 124 1950 .
161 1905 291 1967 magno
327 1886 567 1969 episcoporum
600 1893 636 1951 et
668 1906 858 1973 procerum¹
882 1889 1113 1971 abbatumque

160 1985 323 2063 concilio,
354 1986 465 2050 multa
494 1987 807 2051 ecclesiasticarum
841 1993 877 2050 et
906 1989 1112 2053 secularium

160 2104 278 2148 rerum
311 2085 473 2150 ordinata
501 2087 655 2168 negotia,
690 2086 806 2154 decisa
840 2087 966 2169 litigia.
1035 2087 1112 2152 Neo

161 2185 275 2250 multo
299 2189 392 2267 post,
412 2205 482 2250 uno
504 2185 561 2249 die
583 2185 736 2268 quinque
761 2193 843 2250 sunt
867 2186 1017 2251 ordinati
1039 2189 1112 2271 epi-

160 2285 261 2366 scopi
277 2285 313 2348 in
330 2284 458 2349 Guntia
473 2287 518 2349 ab
535 2284 702 2350 Anselmo
719 2286 997 2369 archiepiscopo:
1021 2288 1112 2353 Wil-

160 2384 288 2448 lelmus
313 2384 358 2448 ad
374 2383 604 2462 Wintoniam,
621 2385 795 2468 Rogerius
820 2385 865 2450 ad
878 2385 1112 2466 Salesbiriam,

161 2480 363 2550 Willelmus
388 2483 433 2549 ad
455 2484 640 2564 Exoniam,
664 2485 860 2551 Rainaldus
882 2485 927 2550 ad
946 2486 1113 2552 Herefor-

162 2585 259 2663 dum,
282 2584 447 2649 Urbanus
472 2585 517 2650 ad
542 2584 769 2668 Glamorgan.
823 2586 950 2669 Itaque
975 2596 1114 2653 contro-

162 2686 281 2750 versia
305 2684 544 2767 frequentibus
569 2685 842 2750 dissensionibus
864 2687 1010 2767 agitata,
1037 2688 1113 2771 plu-

161 2786 252 2849 rimo
268 2783 427 2849 Anselmi
444 2784 488 2849 ad
502 2785 655 2849 'Romam
678 2785 730 2850 itu
750 2792 786 2851 et
802 2786 915 2850 reditu
932 2787 1112 2867 ventilata,

160 2884 373 2949 laudabilem
386 2885 487 2949 finem
504 2886 647 2969 accepit.
768 2963 780 2983 Ι

214 2984 321 3069 §atla
339 2985 440 3049 Uxor
456 2978 566 3067 ²regis
582 3006 627 3049 ex
643 2986 787 3069 antiqua
802 2995 837 3052 et
853 2987 981 3053 illustri
991 3008 1111 3071 regum
1124 3012 1252 3061 retentor

163 3086 274 3169 stirpe
298 3084 475 3149 deseendit
504 3084 675 3163 Matildis,
700 3084 773 3150 iilia
795 3087 889 3169 regis
914 3088 1112 3154 Scottorum
1124 3063 1255 3153 iiim*

162 3185 221 3272 (ut
237 3182 415 3269 praedixi),
428 3203 450 3248 a
467 3186 595 3249 teneris
611 3186 713 3248 annis
730 3185 821 3255 inter
833 3188 1113 3253 sanctimoniales

163 3286 259 3369 apud
284 3285 490 3350 Wiltoniam
514 3292 551 3349 et
576 3285 782 3355 Rumesium
813 3285 972 3366 educata,
1003 3289 1113 3353 literis

163 3406 303 3469 quoque
335 3385 536 3450 foemineum
565 3393 689 3469 pectus
721 3386 891 3450 exercuit.
943 3388 1045 3452 Unde
1074 3396 1114 3454 ut

163 3485 337 3568 ignobiles
363 3486 505 3567 nuptias
538 3492 729 3568 respueret,
755 3485 941 3568 plusquam
965 3489 1115 3559 semela

164 3594 266 3667 patre
291 3584 442 3663 oblatas,
467 3585 608 3668 peplum
625 3580 790 3648 ³sacratae
813 3585 1036 3667 professionis
1062 3589 1114 3651 in·

163 3685 233 3750 dex
261 3685 436 3767 gestavit:
475 3691 700 3768 quapropter,
727 3704 806 3747 cum
832 3704 896 3750 rer
922 3678 1116 3771 *suscipere

165 3786 271 3851 vellet
286 3804 363 3849 eam
376 3784 544 3861 thalamo,
554 3779 628 3848 ⁵res
644 3784 680 3847 in
694 3783 981 3867 disceptationem
997 3788 1115 3868 venit;
1217 3848 1220 3853 ,

197 3987 346 4051 metam]
363 3985 398 4037 A.
418 3988 449 4037 0.
461 3986 496 4038 D.
508 3988 541 4037 Ε.
553 3988 629 4050 1123
691 3983 701 4013 ⁴
718 3986 848 4050 &recipere
864 3982 957 4055 cedet]
979 3987 1013 4037 A.
1029 3988 1064 4039 D.
1084 3989 1116 4041 E.

163 4066 258 4121 umen,
269 4058 299 4108 S.
655 4057 726 4116 1123
742 4057 892 4120 susciperet,
903 4056 932 4106 S.
945 4058 975 4107 C.
1240 4056 1244 4063 ”

198 4126 321 4191 'RegiaJ
338 4124 373 4175 A.
385 4125 415 4175 S.
430 4126 459 4175 0.
473 4126 546 4187 Ε2.;
562 4127 629 4189 ejus,

106 4206 112 4216 ’
164 4200 217 4261 1).;
233 4200 298 4261 regi,
308 4197 334 4245 Ε
343 4201 367 4245 l.
379 4196 437 4246 La.
689 4192 762 4243 ‘lter
782 4196 807 4243 iu
823 4194 1018 4259 disceptationem
1028 4194 1118 4261 veuit]

199 4261 355 4334 ’Suaratoe·]
373 4267 407 4317 A.
420 4268 451 4317 C.
463 4265 500 4316 D.
513 4266 544 4316 E.
557 4264 629 4327 Lm
655 4265 703 4313 See
723 4264 842 4327 Eadmer,
857 4265 928 4316 Hist.
940 4266 1007 4315 Nor.
1020 4281 1063 4329 pp.
1076 4270 1118 4327 56,

164 4339 309 4402 sancte&
655 4338 696 4384 at.
