3100 5050
393 475 459 548 tos,
609 491 723 540 eusrn
747 492 874 541 aucun
898 492 1112 541 aserenon.
1187 477 1351 558 [maun

232 669 370 760 &illim
446 649 552 742 5233·
578 651 654 716 Ista
675 672 738 735 pro
754 653 906 716 utilitate
924 652 1112 733 legentium
1133 670 1189 714 me
1210 648 1344 714 inseru-

232 769 375 860 'Smne
394 770 463 816 usse
477 771 547 815 non
560 752 691 834 piguit3
714 771 806 816 nunc
820 751 863 816 de
873 751 1050 816 Willelmo
1062 751 1198 834 loquar.
1250 749 1343 814 Nam

234 869 325 960 ffih
397 853 480 934 quia
508 852 670 928 breviter,
696 871 760 916 nec
786 859 827 916 ut
853 858 939 934 puto
961 850 1142 928 inutiliter,
1173 869 1229 913 res
1256 850 1345 934 ejus,

312 947 317 958 '
398 969 486 1035 quas
511 951 684 1016 duntaxat
711 971 826 1016 comes
854 952 891 1015 in
920 951 1136 1015 Normannia
1161 951 1261 1014 annis
1283 951 1346 1014 tri·

399 1051 499 1134 ginta
526 1051 697 1129 actitavit,
725 1053 899 1135 percurri3
931 1052 1034 1115 modo
1058 1050 1153 1114 aliud
1182 1049 1348 1114 narrandi

400 1151 579 1216 exordium
603 1152 687 1220 ordo
716 1159 909 1234 temporum
934 1151 1083 1233 flagitat,
1104 1157 1145 1214 ut
1169 1150 1213 1213 de
1239 1169 1348 1231 regno

400 1251 489 1335 ejus,
504 1258 673 1342 quantum
688 1259 808 1316 nostra
820 1251 1010 1315 sciscitatio
1024 1258 1207 1333 penetrare
1222 1250 1348 1332 potuit,

401 1351 617 1424 mendacium
631 1352 979 1433 arguam,veritatem
996 1351 1230 1433 pronunciem.
1268 1349 1349 1413 Rex

403 1451 596 1516 Edwardus
617 1451 690 1515 fato
712 1451 852 1516 functus
873 1452 1005 1515 fuerat:
1029 1449 1162 1531 Anglia
1178 1450 1282 1513 dubio
1297 1449 1352 1512 fa-
1432 1473 1439 1486 ⁴

403 1571 487 1621 vore
499 1553 657 1628 nutabat,
673 1551 729 1616 cni
754 1571 793 1615 se
814 1551 940 1616 rectori
960 1550 1190 1614 committeret
1206 1550 1350 1626 incerta,

379 1642 382 1646 ’
404 1670 449 1722 an
475 1649 646 1728 Haroldo,
670 1671 716 1714 an
734 1651 925 1728 Willelmo,
950 1670 996 1714 an
1022 1649 1182 1731 Edgar03
1215 1649 1353 1712 namet

403 1750 514 1828 illum,
540 1769 602 1832 pro
629 1769 754 1830 genere
782 1751 978 1833 proximum
1006 1770 1126 1829 regno,
1153 1749 1354 1832 proceribus

330 1860 332 1865 ·
404 1868 469 1920 rex
495 1850 809 1928 commendaverat,
830 1851 939 1914 tacito
960 1849 1093 1913 scilicet
1113 1849 1239 1913 mentis
1258 1849 1353 1932 judi·

406 1950 472 2027 cio,
488 1949 549 2014 sed
563 1969 672 2031 prono
692 1951 729 2013 in
752 1950 969 2014 clementiam
989 1951 1116 2013 animo.
1169 1947 1299 2026 Quare,
1313 1955 1355 2011 nt

406 2049 566 2132 praedixi,
583 2048 692 2132 Angli
706 2049 852 2114 diversis
865 2049 957 2113 votis
973 2048 1182 2126 serebantur,
1195 2048 1357 2130 quamvis

407 2149 523 2232 palam
550 2149 667 2215 cuncti
690 2151 784 2214 bona
805 2148 976 2214 Haroldo
994 2150 1285 2231 imprecarentur:
1320 2155 1357 2211 et

406 2248 466 2318 ille
480 2248 629 2330 quidem,
643 2248 837 2313 diademate
850 2249 1060 2330 fastigiatus
1076 2247 1162 2312 nihil
1178 2248 1221 2310 de
1243 2247 1356 2330 pactis

406 2348 497 2412 inter
518 2367 554 2410 se
580 2355 616 2412 et
636 2349 849 2412 Willelmum
876 2349 1073 2429 cogitabat3
1105 2347 1292 2412 ‘liberatum
1317 2366 1358 2410 se

407 2460 624 2511 sacramento
650 2467 819 2524 asserens,
845 2448 938 2531 quod
962 2448 1035 2512 filia
1063 2448 1139 2532 ejus
1165 2466 1269 2531 quam
1296 2447 1358 2510 de-

409 2547 596 2630 sponderat
624 2548 712 2611 citra
738 2549 873 2613 nubiles
895 2567 1005 2613 annos
1033 2549 1177 2613 obierat.
1231 2548 1358 2611 Fertur

409 2647 500 2717 enim
515 2649 568 2713 vir
582 2648 652 2725 ille,
674 2668 744 2712 non
767 2649 887 2731 paucis
899 2648 1085 2713 virtutibus
1102 2648 1279 2731 praeditae,
1296 2666 1362 2730 pa*

409 2768 485 2817 rum
516 2748 682 2811 adversus
709 2748 888 2829 perfidiam
917 2748 984 2811 sibi
1019 2749 1233 2813 consuluisse
1261 2748 1360 2811 dum-

410 2847 512 2910 modo
536 2853 654 2929 posset
682 2849 942 2930 quibuscunque
966 2848 1153 2930 praestigiis
1183 2847 1358 2910 hominum

410 2946 692 3011 ratiocinationes
717 2949 947 3031 suspendere:
972 2953 1152 3030 praeterea,
1169 2947 1229 3030 qui
1254 2955 1358 3029 puta..

410 3054 464 3109 ret
487 3046 599 3110 minas
611 3045 780 3110 Willelmi
801 3066 979 3129 nunquam
998 3047 1042 3109 ad
1065 3046 1193 3111 sactum
1215 3054 1359 3129 eruptu-

410 3164 480 3221 ras,
496 3145 587 3226 quod
604 3145 664 3215 ille
681 3148 970 3210 conterminorum
985 3145 1112 3209 ducum
1128 3147 1228 3210 bellis
1244 3148 1359 3228 impli-

411 3252 560 3321 caretur,
574 3252 685 3309 totum
707 3246 859 3310 animum
874 3246 945 3310 otio
961 3266 1038 3311 cum
1059 3246 1224 3331 subjectis
1245 3246 1361 3310 indul-v

411 3350 523 3423 serat;
548 3363 628 3408 nam
645 3345 812 3426 prolecto,
829 3347 895 3409 nisi
908 3347 1000 3429 quod
1021 3345 1229 3411 Noricorum
1242 3365 1359 3428 regem

411 3444 601 3508 adventare
627 3443 758 3523 didicit,
787 3466 850 3509 nec
888 3446 1032 3510 militem
1069 3446 1261 3510 convocare
1296 3442 1363 3509 neo-

391 3528 520 3613 'aciem
547 3544 694 3626 dirigere
723 3544 887 3627 dignatus
918 3545 1059 3623 fuisset·
1104 3544 1205 3611 Alter
1227 3546 1363 3621 interea

411 3644 510 3711 illum,
537 3664 599 3726 per
627 3645 771 3708 nuncios
803 3645 927 3709 leniter
961 3644 1156 3722 convenire,
1186 3646 1228 3708 de
1258 3654 1361 3729 rupto

411 3743 540 3808 foedere
554 3745 787 3825 expostulare,
801 3744 960 3826 precibus
978 3744 1089 3809 minas
1104 3746 1247 3809 insuere
1261 3763 1277 3824 3‘
1293 3746 1364 3810 sei-

411 3849 464 3906 ret
486 3862 524 3906 se
550 3851 630 3907 ante
653 3862 781 3906 annum
805 3863 981 3908 emensum
1003 3844 1094 3908 ferro
1114 3844 1267 3909 debitum
1284 3846 1362 3909 vin-

411 3942 616 4019 dicaturum,
639 3941 722 4006 illuc
746 3944 878 4007 iturum
906 3963 976 4025 quo
1010 3943 1188 4009 Haroldus
1215 3946 1361 4009 tutiores

411 4060 448 4105 se
465 4042 570 4123 pedes
587 4039 716 4105 habere
726 4050 877 4125 putaret.
932 4043 1074 4122 Contra,
1086 4044 1160 4122 ille,
1175 4038 1271 4128 ¹quae
1286 4045 1361 4109 dixi

669 4273 676 4303 ¹
692 4278 753 4332 oue
764 4271 844 4345 ena]
856 4277 904 4358 see
914 4277 929 4339 a
940 4280 998 4339 aas,
1008 4291 1035 4337 p.
1049 4280 1106 4344 aar,
