3100 5050
285 1104 339 1144 Ab.
352 1101 407 1144 usa

285 1155 331 1194 The
339 1155 392 1204 king

286 1217 336 1254 goes
346 1207 392 1246 into

285 1256 415 1306 Nemaudy.

441 505 507 570 710
723 523 897 573 ursrorua
920 523 1097 572 novrum.
1264 507 1354 590 [nm.
1369 515 1395 568 1.

444 777 493 826 DE
519 774 705 824 TRANSl'l'U
729 773 837 823 aucte
864 773 1046 824 STEPHANI
1076 774 1122 822 ΕΤ
1149 772 1307 821 nonnam
1334 772 1397 820 00·

497 875 597 927 Ml'l'lfl
632 874 874 926 GLORGESTRAE
903 875 942 926 lit
973 873 1240 937 Nouusurunu,
1272 875 1317 922 ll'l'
1347 874 1400 922 bs

496 975 646 1027 lustuns
669 976 816 1027 HABl'l'lS
838 978 865 1026 A
886 977 982 1027 REGE
1004 975 1043 1024 m
1066 975 1242 1026 conlinit.

498 1084 516 1170 §
532 1086 587 1152 17.
605 1082 710 1152 Anno
724 1085 917 1152 Dominicae
931 1084 1180 1151 iucarnationis
1196 1077 1395 1148 ¹millesimo

447 1187 633 1252 centesimo
649 1187 824 1252 tricesimo
840 1185 999 1270 septimo,
1020 1207 1097 1264 rex,
1111 1185 1225 1270 primo
1239 1193 1395 1267 tempore

448 1286 748 1370 Quadragesimae,
783 1287 924 1352 transiit
952 1307 1057 1352 mare.
1124 1284 1249 1352 Comes
1278 1285 1395 1363 enam,

447 1389 652 1471 pereuntis
674 1388 814 1454 illorum
830 1395 865 1453 et
879 1388 1029 1472 cognitis
1051 1387 1175 1452 animis
1191 1405 1280 1472 qnos
1302 1384 1396 1450 datae

447 1489 527 1554 fidei
551 1489 744 1555 tenaciores
769 1508 845 1554 esse
868 1496 1025 1568 noverat,
1050 1488 1288 1571 dispositoque
1311 1485 1395 1570 quid

447 1589 609 1674 deinceps
635 1590 808 1673 agendum
829 1590 1040 1668 decerneret,
1055 1583 1150 1673 'ipso
1167 1589 1224 1654 die
1248 1587 1396 1653 Paschae

446 1708 541 1755 mare
571 1691 760 1773 ingressus,
789 1690 961 1775 plenaque
997 1690 1163 1758 felicitate
1194 1691 1232 1754 in
1267 1696 1395 1754 terram

447 1797 588 1856 evectus
605 1798 669 1856 est.
721 1789 799 1856 Nec
815 1792 926 1856 multo
949 1798 1041 1875 post,
1054 1791 1308 1874 malignitatem
1334 1789 1396 1854 ad-

446 1911 557 1957 versae
576 1891 724 1956 fortunae
753 1892 859 1975 paulo
894 1892 1009 1956 minus
1034 1898 1200 1976 expertus
1223 1897 1300 1972 est3
1332 1910 1396 1954 rex

447 1993 650 2069 enimcum,
672 1993 849 2058 incentore
867 1993 1017 2076 quodam
1033 1991 1211 2058 Willelmo
1234 1991 1278 2056 de
1302 1991 1396 2074 Ipre,

445 2091 581 2158 insidiis
605 2093 811 2177 intercipere
836 2101 984 2159 conatus
1009 2100 1074 2159 est.
1127 2092 1253 2157 Comes
1278 2100 1396 2158 autem

445 2213 506 2258 eas
531 2212 593 2276 per
613 2193 786 2276 quendam
818 2193 1022 2260 insidiarum
1042 2193 1220 2259 conscium
1246 2213 1397 2277 praemu-

445 2296 552 2372 nitus,
570 2301 711 2378 paratos
736 2294 804 2359 sibi
827 2295 973 2361 evitavit
994 2294 1114 2375 dolos3
1136 2301 1174 2359 et
1193 2295 1304 2373 ouria,
1326 2314 1398 2377 quo

323 2483 325 2488 Α
446 2415 539 2477 saepe
577 2395 803 2474 invitabatur,
833 2395 1023 2479 aliquantis
1058 2396 1181 2460 diebus
1214 2396 1397 2461 abstinuit.

449 2494 543 2573 Rex,
569 2503 812 2561 consternatus
841 2497 956 2563 auimo
985 2497 1078 2581 quod
1108 2494 1243 2563 insidiis
1271 2515 1398 2581 parum

448 2595 662 2680 profecisset,
695 2598 828 2663 astutia
859 2599 1032 2680 agendum
1068 2605 1177 2677 ratus,
1208 2599 1398 2663 serenitate

448 2697 566 2763 vultus
583 2704 619 2762 et
635 2700 791 2781 gratuita
806 2697 1022 2764 confessione
1033 2698 1309 2782 magnitudinem
1324 2699 1399 2763 cul·

448 2820 502 2882 pee
518 2805 699 2864 attenuare
713 2800 857 2865 studuit.
909 2799 933 2864 J
935 2798 1051 2865 nravit
1063 2807 1180 2865 tamen
1194 2799 1312 2865 verbis
1334 2820 1398 2884 pro

448 2898 578 2983 placito
600 2901 737 2966 comitis
763 2900 952 2984 conceptis,
981 2922 1020 2966 se
1046 2918 1223 2985 nunquam
1251 2900 1399 2966 ulterius

448 3008 547 3065 tanto
569 3002 688 3067 sceleri
712 3002 920 3082 affuturum
943 3008 979 3067 et
997 3009 1038 3067 ut
1057 3002 1171 3085 magis
1191 3002 1229 3066 in
1246 3003 1397 3084 gratiam

449 3102 669 3185 reciperetur,
684 3122 790 3168 manu
810 3102 1059 3187 archiepiscopi
1079 3102 1243 3186 Hugonis
1259 3103 1398 3169 Retho-

448 3200 623 3284 magensis
638 3203 674 3267 in
689 3222 831 3268 manum
847 3203 995 3269 Roberti
1007 3203 1126 3283 missa,
1143 3211 1399 3269 sacramentum

449 3302 623 3369 solidavit.
676 3303 723 3368 Et
744 3304 820 3369 haec
843 3303 982 3388 quidem
1010 3305 1084 3387 egit
1107 3303 1187 3385 ille;
1221 3305 1283 3369 sed
1308 3325 1396 3369 nun·

448 3422 553 3485 quam
568 3403 705 3487 plenam
716 3404 748 3469 ei
763 3404 922 3470 exhibuit
931 3404 1131 3484 amicitiam,
1146 3404 1246 3491 eujus
1262 3424 1399 3489 semper

448 3512 644 3588 suspectam
660 3504 812 3571 babebat
824 3506 1034 3589 potentiam:
1057 3506 1175 3590 itaque
1187 3526 1306 3572 coram
1323 3499 1397 3571 ³co-

447 3605 530 3670 mite
553 3604 696 3688 pulchre
711 3604 932 3689 jocundeque
956 3606 1117 3672 eomitem
1140 3600 1254 3671 ⁴illum
1280 3606 1397 3691 appel.

448 3704 536 3783 lane,
554 3712 646 3771 retro
669 3706 847 3773 maledicis
863 3707 978 3772 verbis
1003 3708 1195 3785 mordebat,
1218 3714 1255 3772 et
1272 3709 1396 3792 quibus

446 3812 585 3888 poterat
600 3807 877 3891 possessionibus
886 3807 1083 3873 vellicabat.
1119 3808 1297 3873 Robertns
1310 3828 1395 3893 quo·

446 3926 525 3990 que;
549 3914 623 3972 arte
646 3916 756 3973 artem
790 3908 944 3986 eludenS,
967 3908 1165 3974 occultabat
1185 3908 1301 3975 fronte
1324 3910 1395 3974 ani·

480 4134 487 4165 ¹
500 4136 632 4187 Millesim
650 4138 778 4190 centesimo
788 4139 910 4191 bieemmo
968 4139 1103 4208 ⁸Comite.]
1115 4143 1144 4194 S.
1155 4143 1185 4195 C.
1194 4143 1230 4193 D.
1241 4144 1297 4197 aa.
1307 4160 1315 4207 ;
1326 4146 1396 4195 omit·

443 4208 909 4273 ,permonscnmammeumo
933 4212 1057 4263 terma
1131 4261 1134 4265 ,

444 4279 581 4329 centesimo
592 4280 718 4331 tricesimo
729 4285 810 4341 sexto,
821 4283 854 4332 Ε.
968 4279 978 4311 ⁴
988 4283 1085 4347 Illum]
1103 4284 1132 4334 S.
1147 4285 1177 4334 C.
1188 4283 1223 4334 D.
1236 4284 1309 4349 ης
1325 4285 1394 4336 omit·

480 4347 578 4415 'lpso.]
591 4351 703 4415 s.1.a.;
714 4353 780 4415 ipse,
792 4352 821 4403 S.
833 4354 862 4403 0.
871 4352 907 4403 D.
932 4354 976 4403 ted
987 4354 1013 4403 in
1025 4355 1058 4404 Ε.
