3100 5050
396 475 463 542 406
617 489 730 538 orsas
754 489 882 537 nrcun
904 488 1121 538 arcionum.
1190 473 1278 555 [nin.
1294 489 1350 536 ιιι.

400 646 562 712 culdubio
577 646 671 712 dies:
695 646 726 710 si
741 645 815 722 liat,
830 645 1016 722 edocturus
1035 643 1142 729 quod,
1160 645 1351 708 secundnm

401 747 615 826 Platonicos,
631 765 723 811 mors
736 746 897 828 spiritum
917 765 989 809 non
1009 746 1206 826 extinguat,
1220 744 1284 808 sed
1304 744 1351 808 ad

400 847 606 930 principium
623 847 678 910 sui
694 846 810 910 Deum
823 852 991 927 tanquam
1004 864 1024 908 e
1038 863 1177 908 carcere
1192 845 1352 922 emittat3

401 947 457 1010 sin
472 947 599 1024 minus,
614 945 864 1028 Epicureorum
884 953 990 1008 sectae
1011 944 1279 1020 concedendum,
1292 943 1354 1026 qui

402 1047 589 1129 opinantur
604 1045 756 1110 animam
767 1063 912 1126 corpore
923 1044 1075 1108 solutam
1087 1044 1126 1107 in
1140 1063 1256 1106 aerem
1269 1062 1353 1108 eva-

403 1165 555 1222 nescere,
578 1147 615 1208 in
637 1164 741 1208 auras
756 1143 905 1208 effluere.
957 1143 1017 1206 Ita
1036 1143 1122 1206 data
1141 1150 1354 1226 acceptaque

404 1245 483 1322 fide,
499 1244 709 1329 quotidianis
729 1244 910 1325 colloquiis
925 1250 1178 1306 sacramentnm
1193 1242 1354 1326 frequen-

404 1346 540 1409 tabant.
582 1344 659 1408 Nec
671 1344 819 1407 multum
835 1344 870 1406 in
885 1341 1010 1419 medio,
1030 1348 1067 1405 et
1085 1361 1176 1419 ecce,
1192 1362 1286 1405 mors
1299 1363 1354 1406 re-

405 1443 546 1527 pentine
561 1444 744 1509 imminens
757 1443 995 1524 indignantem
1003 1441 1219 1505 halitumuni
1234 1462 1355 1506 eorum

405 1543 574 1608 violenter
594 1544 760 1608 extraxit.
814 1543 998 1607 Remansit
1015 1542 1116 1618 alter,
1137 1548 1175 1605 et
1194 1543 1287 1605 serio
1311 1544 1355 1606 de

406 1644 493 1708 socii
517 1643 704 1726 sponsione
726 1641 897 1724 cogitans,
916 1641 1041 1726 etjam
1058 1641 1203 1725 jamque
1226 1642 1355 1706 affutu-

407 1763 483 1806 rum
509 1743 717 1825 prestolans
742 1761 844 1808 cassa
873 1743 1035 1824 opinione
1064 1741 1211 1822 triginta
1233 1743 1356 1806 diebus

407 1850 533 1907 ventos
568 1843 686 1926 pavit;
720 1843 846 1924 quibus
878 1842 1019 1924 elapsis,
1053 1861 1133 1904 cnm
1166 1841 1357 1924 desperans

408 1942 486 2006 aliis
508 1942 656 2024 negotiis
671 1949 854 2007 avocasset
868 1943 989 2019 otium,
1003 1942 1116 2005 astitit
1136 1942 1253 2006 subito
1265 1943 1356 2024 vigi-

408 2042 508 2120 lanti,
534 2048 570 2106 et
591 2042 755 2125 quiddam
777 2042 892 2125 operis
919 2041 1087 2118 molienti,
1110 2041 1220 2119 vultu,
1242 2043 1358 2124 qualis

408 2142 499 2207 solet
521 2161 596 2206 esse
617 2142 838 2206 morientium
853 2140 970 2204 anima
984 2141 1151 2223 fugiente,
1172 2143 1357 2223 exanguis.

409 2241 501 2304 Tum
516 2249 688 2306 tacentem
704 2242 823 2306 vivum
845 2242 940 2322 prior
955 2249 1113 2305 mortuus
1133 2242 1360 2324 compellans,

410 2338 605 2422 ‘Agnoscis
619 2361 673 2406 me
683 2341 710 2404 l’
723 2340 855 2422 inquit:
872 2339 1077 2422 ‘Agnosce'
1090 2341 1287 2424 respondit3
1302 2347 1362 2406 ‘et

411 2460 483 2504 non
511 2447 646 2505 tantum
676 2441 720 2504 de
750 2441 893 2504 insolita
920 2447 983 2503 tua
1010 2441 1131 2504 turbor
1160 2443 1361 2523 praesentia,

412 2548 580 2623 quantum
601 2541 644 2604 de
669 2541 836 2605 diuturna
859 2541 965 2604 miror
987 2541 1169 2605 absentia?
1218 2538 1270 2605 At
1290 2543 1362 2620 ille,

413 2641 472 2704 ubi
497 2640 696 2705 tarditatem
723 2641 895 2706 adventus
917 2641 1111 2717 excusavit,
1134 2637 1275 2705 tandem
1299 2643 1362 2720 ait,

414 2739 615 2818 ‘Tandem
646 2739 819 2823 expeditis
849 2759 1023 2805 morarum
1054 2741 1215 2818 nexibus,
1238 2742 1362 2807 venio:

414 2839 475 2903 sed
491 2840 661 2905 adventus
678 2840 744 2903 iste
761 2842 836 2917 tibi,
852 2841 884 2904 si
896 2840 1004 2916 voles,
1019 2838 1177 2926 (amice)
1190 2842 1256 2905 erit
1268 2861 1363 2905 com·

414 2940 548 3016 modus,
574 2940 658 3003 mihi
683 2941 822 3004 omnino
845 2940 1103 3019 infructuosus3
1136 2942 1265 3025 quippe
1291 2944 1364 3024 qui,

415 3040 645 3121 pronunciata
667 3046 702 3103 et
727 3039 918 3103 acclamata
940 3039 1124 3116 sententia,
1148 3042 1367 3124 sempiternis

415 3139 480 3202 sim
510 3138 697 3221 deputatus
727 3138 930 3222 suppliciis.'
992 3139 1150 3222 Cumque
1173 3142 1286 3217 vivus,
1321 3143 1366 3206 ad

415 3238 626 3319 ereptionem
667 3239 807 3314 mortui,
836 3238 953 3302 omnia
987 3258 1053 3303 sua
1082 3241 1301 3304 monasteriis
1330 3249 1367 3305 et

416 3337 534 3418 egenis
555 3356 800 3419 expensurum,
824 3357 930 3421 seque
946 3338 1019 3402 dies
1035 3345 1072 3403 et
1088 3346 1207 3403 noctes
1221 3340 1366 3423 jejuniis

417 3444 452 3501 et
466 3435 680 3501 orationibus
695 3439 987 3514 continuaturum,
1004 3440 1241 3520 promitteret;
1259 3439 1368 3503 ‘Fix-

416 3556 475 3599 um
498 3537 575 3613 est,'
590 3536 714 3621 inquit,
732 3538 845 3619 ‘quod
861 3537 947 3614 dixi,
961 3539 1046 3619 quia
1065 3540 1140 3603 sine
1162 3540 1369 3621 poenitentia

417 3643 500 3700 sunt
520 3636 654 3719 judicia
681 3637 760 3714 Dei,
793 3638 918 3720 quibus
945 3637 983 3700 in
1015 3637 1238 3720 sulphuream
1264 3658 1368 3704 vora-

417 3735 671 3816 gineminferni
686 3736 862 3801 demersus
883 3756 980 3801 sum:
1004 3738 1052 3801 ibi
1067 3739 1149 3802 dum
1162 3746 1257 3804 rotat
1272 3746 1369 3804 astra

417 3836 530 3917 polus,
546 3835 628 3898 dum
650 3836 766 3917 pulsat
787 3836 906 3900 littora
928 3845 1066 3919 pontnS,
1082 3858 1145 3921 pro
1167 3840 1367 3903 criminibus

418 3935 503 3998 meis
519 3935 660 4013 volvar3
683 3935 884 3999 inflexibilis
904 3938 1085 4001 sententiae
1108 3945 1226 4003 manet
1244 3932 1368 4021 ¹rigor,

419 4042 550 4100 aeterna
581 4042 616 4099 et
643 4034 824 4098 innumera
849 4056 1032 4118 poenarum
1066 4056 1195 4118 genera
1227 4040 1369 4103 commi-

583 4268 590 4299 ¹
604 4272 706 4335 Rigon]
723 4271 757 4322 A.
772 4274 802 4323 G.
814 4273 850 4322 D.
862 4274 896 4323 E.
907 4273 954 4333 L.;
971 4274 1040 4335 rigor
1050 4278 1169 4337 aeternus,
1180 4275 1210 4324 S.
