3100 5050
273 685 368 726 Μαίη

274 736 424 785 tturothru·

273 787 348 827 ulem

435 491 502 558 580
656 507 770 557 oneri
794 505 921 556 aucun
945 505 1160 554 ancnonuu.
1232 489 1320 572 [nra.
1337 503 1384 553 rv.

438 665 554 748 Igitur
577 672 658 750 post
677 663 983 731 circumcisionem
998 663 1140 730 Domini
1158 659 1324 749 ¹sumptis
1349 667 1384 730 in

436 766 459 830 J
462 767 554 831 erico
566 767 705 849 palmis,
719 766 813 849 quod
829 766 964 848 insigne
976 765 1272 849 peregrinantium
1296 767 1387 830 auti-

436 868 553 951 quitas
575 867 738 944 instituit,
760 866 861 930 sedes
875 867 1021 949 quisque
1039 885 1121 930 suas
1137 866 1264 950 raptim
1287 887 1386 950 repc-

436 974 509 1030 tere
522 973 763 1050 properarunt.
817 965 934 1031 Causa
948 966 1178 1031 festinationis
1196 974 1271 1032 erat
1282 975 1389 1050 putor

434 1067 689 1132 inconditorum
713 1067 934 1144 cadaverum,
948 1086 1095 1150 quorum
1121 1067 1172 1132 ita
1197 1067 1388 1132 exhalabat

436 1187 574 1232 coenum
590 1175 630 1231 ut
644 1168 758 1250 ipsum
775 1167 923 1232 violaret
945 1167 1083 1232 coelum.
1135 1166 1310 1246 Quocirca
1332 1176 1387 1232 ta-

435 1268 517 1332 bida
532 1269 653 1351 pestis,
677 1268 714 1330 in
738 1285 842 1331 auras
865 1266 1020 1345 effluens,
1035 1267 1163 1332 multos
1183 1287 1228 1332 ex
1248 1268 1303 1332 his
1326 1271 1387 1352 qui

343 1413 350 1422 -
436 1369 574 1433 noviter
588 1377 756 1433 venerant
781 1367 876 1432 letho
904 1368 1018 1448 dedit3
1051 1368 1168 1432 caeteri
1194 1388 1256 1451 per
1280 1370 1384 1434 nrbes

435 1470 639 1546 maritimas,
662 1468 880 1533 Tiberiadem
911 1468 989 1533 dico
1013 1476 1050 1533 ct
1076 1467 1273 1532 Caesaream
1300 1468 1385 1534 Phi-

435 1569 532 1652 lippi,
546 1575 808 1634 maturaverunt
826 1569 904 1646 iter,
920 1569 1011 1652 quod
1027 1589 1087 1634 cos
1102 1569 1255 1633 tenuitas
1270 1570 1384 1636 victus

435 1676 472 1733 et
497 1669 633 1734 hostilis
659 1677 772 1734 metus
797 1671 980 1751 urgebant.
1032 1669 1099 1734 Sed
1122 1669 1217 1746 fami,
1239 1677 1279 1733 ut
1297 1670 1384 1750 dixi,

435 1770 638 1834 consuluere
651 1771 777 1853 pedum
795 1769 992 1835 celeritate:
1017 1777 1053 1835 et
1071 1776 1302 1835 trecentorum
1319 1773 1383 1835 mi-

433 1870 547 1948 litum,
562 1871 623 1953 qni
635 1889 695 1934 eos
709 1871 752 1935 de
769 1870 902 1934 Baldac
922 1869 1066 1935 castello
1091 1870 1316 1948 infestabant,
1332 1872 1384 1936 fu-

434 1970 504 2034 rori
521 1977 774 2054 prospexerunt
788 1970 948 2034 militaris
965 1971 1050 2034 artis
1060 1971 1271 2050 calliditate3
1288 1991 1385 2036 nam-

435 2091 502 2153 que
516 2071 680 2134 simulata
701 2071 878 2154 paulisper
900 2070 995 2153 fuga,
1012 2078 1051 2136 ut
1065 2071 1132 2154 ipsi
1148 2069 1190 2135 de
1213 2074 1385 2154 angustiis

434 2171 588 2237 locorum
608 2170 796 2237 evadentes
825 2170 959 2236 Turcos
980 2172 1196 2249 inducerent,
1222 2174 1385 2238 consulto

434 2291 580 2351 cessere,
596 2273 656 2336 sed
680 2292 763 2336 mox
779 2273 964 2336 retroversi
984 2273 1158 2356 dispersos
1181 2272 1299 2337 hostes
1316 2293 1387 2356 pro

433 2372 532 2437 libito
546 2367 694 2437 'fudere
731 2371 965 2437 Putaverant
985 2373 1038 2436 illi
1058 2379 1196 2448 nostros
1214 2371 1386 2438 inhabiles

434 2491 574 2556 pugnae,
589 2474 681 2557 quod
701 2480 817 2539 essent
840 2472 954 2557 clypei
978 2492 1097 2539 eorum
1117 2480 1154 2539 et
1178 2491 1281 2537 arcus
1307 2475 1385 2558 plu·

434 2574 518 2638 viali
531 2576 744 2640 abnndantia
754 2575 898 2654 lentati3
924 2575 1192 2657 nesciebantque
1207 2575 1300 2657 quod
1315 2596 1385 2641 non

434 2674 471 2737 in
493 2693 667 2739 armorum
684 2676 740 2740 vel
761 2676 798 2738 in
821 2675 1010 2756 tegminum
1027 2674 1165 2752 fiducia,
1180 2674 1240 2738 sed
1262 2674 1301 2738 in
1323 2696 1386 2740 ex·

434 2774 573 2840 callenti
588 2776 623 2840 vi
637 2777 830 2840 animorum
847 2782 882 2839 et
899 2776 1006 2841 crudo
1023 2776 1146 2840 robore
1166 2774 1384 2841 brachiorum

434 2875 582 2941 victoria
596 2878 748 2941 virorum
765 2874 949 2941 consistat.

485 2977 596 3061 §37b
620 2978 666 3041 Et
690 2985 764 3041 tum
787 2976 926 3059 quidem
952 2975 1175 3043 Baldewinus
1201 2976 1383 3057 Edessam,

435 3077 661 3142 Boamundus
677 3097 759 3144 vero
783 3075 1019 3154 Antiochiam,
1040 3078 1229 3144 incolumes
1252 3098 1385 3143 remea·

435 3185 528 3242 runt.
582 3179 689 3243 Initio
713 3184 829 3241 autem
856 3176 879 3240 J
883 3178 944 3242 ulii
965 3166 1094 3243 mensis
1115 3179 1257 3243 licentia
1280 3178 1384 3243 famae

434 3278 627 3342 Baldewini
657 3278 799 3342 auribus
841 3278 965 3344 detulit
996 3279 1214 3362 splendidum
1254 3278 1383 3343 ducum

433 3386 631 3444 nostrorum
655 3380 882 3460 margaritum
904 3378 1122 3457 offuscatum,
1140 3380 1385 3445 Boamundum

433 3479 564 3543 scilicet
588 3485 740 3561 captum,
756 3486 792 3543 et
813 3480 848 3542 in
872 3486 1014 3543 catenas
1034 3480 1242 3563 conjectum,
1258 3499 1279 3544 a
1297 3501 1383 3564 quo·

402 3610 405 3615 ·
433 3579 513 3642 dam
528 3579 723 3643 Danisman
745 3579 879 3661 gentili,
897 3586 932 3643 et
959 3580 1085 3644 inillis
1109 3581 1211 3644 terris
1235 3582 1382 3663 potenti.

352 3700 360 3708 ·
433 3679 669 3763 Quapropter,
688 3680 932 3745 Edissenorum
947 3687 982 3745 et
996 3679 1292 3745 Antiochenorum
1309 3702 1383 3747 ma·

431 3801 479 3844 nn
503 3788 636 3857 coacta,
650 3780 822 3862 insignem
837 3778 1113 3845 Christianorum
1137 3782 1381 3846 contumeliam

466 4037 475 4069 ¹
498 4039 610 4103 Sumptis
637 4038 663 4087 ia
685 4038 768 4087 Jeriro
796 4036 893 4101 palmia,
918 4042 976 4089 29⁰.
1011 4038 1043 4087 In
1059 4038 1110 4088 this
1129 4053 1238 4103 passage
1256 4041 1287 4091 Ι..
1307 4040 1382 4091 reads

430 4113 492 4175 quod
501 4110 599 4173 insigne
608 4109 816 4172 peregrinantium
830 4109 894 4157 uati·
909 4110 926 4140 =‘
932 4108 1016 4159 caesis'
1028 4110 1128 4160 instead
1139 4109 1182 4159 of‘
1192 4112 1319 4173 sumptis!

430 4182 512 4245 quitur
520 4180 652 4243 instituit]
665 4180 753 4228 Hence
765 4194 812 4228 our
823 4179 892 4227 word

430 4254 438 4279 ‘
446 4252 560 4315 palmer,’
582 4266 611 4299 or
632 4249 770 4312 ‘pilgrim’
804 4250 837 4299 V.
848 4250 893 4297 Al·
952 4247 1092 4315 marra]
1106 4251 1134 4302 S.
1147 4251 1182 4301 D.
1196 4252 1228 4301 Ε.
1236 4266 1246 4315 ,·
1258 4251 1382 4315 cecidere,

431 4322 494 4371 bert.
506 4324 621 4385 Aquens.
636 4335 678 4381 ap.
691 4320 772 4371 Gesta
788 4320 849 4381 Dei,
867 4335 893 4381 p.
917 4320 948 4370 L.
