3100 5050
161 498 315 578 nrn.1v.]
391 514 506 563 ensra
529 516 657 564 ancon
680 516 895 566 ANGLORUM.
1047 502 1112 567 579

162 676 414 760 chiepiscopus,
428 678 489 759 qni
511 676 653 759 navigio
670 676 789 742 multis
812 675 877 740 sibi
901 673 1042 740 sociatis
1064 675 1112 739 ci·
1124 692 1226 784 psum}

162 778 262 841 vibus
288 777 491 842 Laodiciam
515 778 752 860 applicuerat3
788 784 823 842 et
851 782 1021 859 praeterea
1042 775 1112 840 dno
1125 755 1198 835 „ild
1226 753 1274 784 ‘¹¹¹'

163 878 222 941 alii
237 879 405 961 episcopi.
440 877 499 943 Ita
509 879 642 962 junctis
656 879 852 960 agminibus
866 877 1113 959 computaban-

162 985 231 1056 tur,
246 979 478 1042 aestimatione
489 978 629 1055 librata,
639 998 714 1042 esse
728 978 854 1060 viginti
868 978 1020 1061 quinque
1037 976 1112 1040 mil·

163 1079 233 1144 lia:
258 1099 405 1162 qnorum
426 1079 540 1155 multi,
555 1085 665 1142 terras
688 1079 938 1142 Saracenorum
954 1077 1113 1158 ingressi,

163 1199 226 1261 pro
243 1179 414 1244 charitate
428 1179 641 1243 mercimonii
655 1179 746 1243 lame
761 1179 915 1244 conclusi
928 1198 937 1257 ;
952 1177 1053 1241 multi
1068 1197 1112 1241 ex

164 1279 341 1362 equitibus
364 1279 402 1343 in
429 1281 562 1362 pedites
587 1280 724 1357 mutati,
747 1279 845 1362 equis
871 1278 986 1342 inedia
1006 1277 1113 1341 inter-

164 1381 285 1463 ceptis.
347 1379 546 1444 Accedebat
568 1380 715 1444 miseriis
740 1379 901 1443 imbrium
926 1377 1114 1455 affluentia,

164 1480 258 1563 quod
274 1480 395 1544 inillis
411 1481 513 1544 terris
529 1479 630 1563 quasi
645 1480 816 1563 praecipiti
826 1485 978 1544 torrente
995 1477 1115 1560 pluvia

165 1580 328 1665 hybernis
339 1581 512 1645 duntaxat
521 1581 695 1645 mensibus
709 1580 853 1644 inundet
864 1601 873 1660 3
886 1580 1004 1662 itaque
1016 1571 1114 1661 ¹pau-

166 1701 277 1763 peres,
303 1688 461 1746 carentes
490 1679 698 1758 mutatoriis,
726 1680 844 1762 algido
873 1680 987 1762 rigore
1012 1679 1113 1743 mori-

166 1783 326 1860 ebantur,
348 1781 609 1865 quampluribus
625 1781 746 1845 diebus
768 1780 855 1844 nulli
876 1786 969 1845 tecto
994 1798 1113 1844 succe-

168 1882 302 1946 dentes.
358 1883 404 1947 Et
435 1881 538 1965 hujus
569 1881 707 1964 quidem
740 1880 950 1946 calamitatis
979 1879 1113 1944 nullum

167 1989 243 2047 erat
257 1983 456 2059 remedium,
471 1982 563 2064 quod
588 1989 623 2046 et
646 1982 796 2047 tentoria
819 1989 855 2046 et
875 1981 972 2062 ligna
988 1979 1113 2044 defice·

167 2091 256 2148 rent.
308 2080 359 2147 At
378 2102 461 2147 vero
480 2082 607 2146 famem
633 2081 788 2147 nonnihil
813 2082 988 2156 levabant,
1007 2100 1113 2144 arun·

165 2183 263 2247 dines
290 2183 439 2248 mellitas
462 2183 625 2247 continue
654 2183 814 2247 dentibus
840 2188 1002 2257 terentes,
1025 2199 1113 2264 quas

166 2277 425 2361 ²cannamcllaS,
435 2284 574 2347 nomine
585 2283 778 2365 composito
786 2300 949 2347 excanna
957 2288 993 2346 et
1001 2281 1113 2358 melle,

167 2391 308 2449 vocant.
359 2385 416 2448 Sic
425 2377 495 2448 ³bis
513 2384 653 2448 omnino
667 2403 689 2446 a
703 2382 930 2466 Tripolitanis
944 2388 980 2447 et
994 2380 1112 2446 Caesa-

168 2485 340 2550 riensihns
356 2477 542 2550 *immenso
557 2503 626 2550 aere
639 2484 836 2549 neccssaria
853 2483 959 2562 nacti,
977 2482 1113 2548 leroso-

165 2587 295 2670 lymam
321 2606 446 2651 venere
470 2585 612 2650 solstitii
639 2585 805 2649 brumalis
834 2585 902 2649 die.
952 2584 1114 2648 Occurrit

165 2686 235 2750 illis
251 2686 296 2750 ad
310 2694 432 2769 portas
451 2706 514 2751 rex
531 2685 741 2751 Godefridns
763 2705 843 2749 cum
864 2684 971 2749 fratre
986 2684 1113 2749 Eusta-

167 2787 258 2863 chio,
271 2784 375 2869 quem
397 2787 441 2850 ad
461 2787 525 2851 hoc
548 2794 685 2869 tempus
699 2786 908 2863 detinuerat,
922 2785 1007 2849 nihil
1028 2784 1113 2849 libe-

166 2885 318 2952 ralitatis
342 2895 377 2951 et
391 2882 531 2969 ⁵gratiae
555 2887 730 2951 incorum
754 2888 918 2951 omittens
936 2885 1111 2967 obsequio.

169 2987 240 3066 Illi,
256 2988 406 3070 peractis
421 2988 458 3051 in
475 2987 655 3051 Bethleem
669 3007 714 3051 ex
730 3007 824 3051 more
836 2987 1029 3051 Dominicae
1040 2984 1115 3049 Na-

167 3088 317 3153 tiuitatis
332 3088 544 3164 solennibus
560 3088 766 3153 Daibertum
780 3086 1012 3170 patriarcham
1030 3106 1114 3149 con·

167 3190 324 3254 stituere.
375 3181 520 3271 ⁶1nqu0
534 3188 628 3253 facto
645 3187 780 3252 Urbani
792 3207 893 3271 papae
910 3206 1114 3253 consensum

167 3290 360 3371 obligatum
376 3308 444 3352 non
460 3288 621 3370 ambig03
645 3289 738 3370 quod
752 3296 846 3353 esset
859 3289 890 3351 is
905 3294 941 3353 et
954 3290 1114 3352 reveren-

168 3389 233 3453 dus
247 3390 356 3466 senio,
371 3395 407 3453 ct
420 3396 545 3471 potens
559 3388 710 3471 eloquio,
727 3394 763 3452 et
778 3388 911 3471 pollens
923 3388 1115 3470 marsupio.

201 3722 371 3797 mamea]
394 3729 423 3779 S.
444 3729 479 3779 D.
499 3730 531 3778 Ε.
538 3743 548 3791 ;
566 3743 632 3789 pau·
691 3722 701 3753 ⁴
718 3718 861 3792 lanceata]
887 3724 916 3773 S.
936 3722 971 3772 D.
991 3722 1024 3771 Ε.
1031 3736 1039 3783 3
1062 3720 1117 3768 infi-

167 3802 289 3863 periotes,
299 3801 330 3850 L.
654 3798 716 3859 nito,
727 3796 759 3846 L.

201 3868 212 3899 ²
237 3869 437 3933 ennoematice]
463 3868 517 3917 'l'he
543 3882 631 3929 sugat·

169 3956 240 3990 cane.
265 3942 477 3989 Foranaccount
486 3939 516 3987 of
523 3938 566 3987 the
577 3939 631 3986 cal-
689 3928 836 4003 'Grntioe.]
857 3936 887 3984 C.
905 3932 940 3982 D.
957 3932 1006 3994 E.;
1024 3931 1118 3993 gretia-

168 4012 273 4059 tivation
283 4011 334 4059 and
345 4011 445 4059 ancient
456 4008 631 4058 manufactum
655 4021 720 4068 rum,
731 4005 765 4055 Α.
778 4005 807 4055 S.
819 4005 850 4054 L.

170 4082 390 4142 cltheZucra,see
398 4082 519 4129 hibertus
527 4080 632 4140 Aquen-
1113 4140 1115 4144 v

171 4153 214 4213 sis,
225 4166 266 4212 ap.
278 4152 361 4201 Gesta
371 4151 431 4213 Dei,
442 4167 468 4213 p.
480 4155 539 4200 270.
691 4143 702 4176 ⁶
725 4146 755 4193 la
778 4160 823 4208 quc
838 4142 907 4203 facto
934 4139 1028 4190 Urbani
1048 4154 1118 4203 popa

204 4219 297 4286 ³Bia]
314 4223 348 4273 Ε.
366 4222 414 4282 L.;
436 4221 486 4283 his,
504 4223 558 4271 Cl.
579 4218 631 4279 D.;
655 4204 1118 4277 coaecmmobligotumooaamhiga]

172 4290 216 4353 hii,
228 4292 259 4343 A.
271 4293 300 4342 S.
314 4295 367 4342 02.
657 4288 705 4337 See
716 4291 773 4336 note
785 4282 804 4348 ²,
815 4300 841 4347 p.
854 4288 911 4333 569.
