3100 5050
187 501 255 549 nin.
272 485 337 567 rv.]
409 501 523 551 cnsrn
546 502 674 554 nncuu
698 504 912 552 ancnonun.
1074 491 1140 557 587

186 664 253 735 ret,
280 660 357 725 sine
387 660 621 743 irreparabilis
649 660 856 727 discriminis
883 669 979 727 metu
1000 673 1138 745 gentem
1152 689 1248 730 naam

185 778 285 823 suam
307 761 351 825 de
372 780 443 825 uno
465 762 502 825 in
527 762 623 839 aliud
645 769 801 827 castrum
822 782 866 826 ne
885 763 1136 831 transduceret.
1149 740 1301 832 {pamerras-

185 859 338 925 Evidens
366 880 449 943 ergo
478 862 682 926 miraculum
706 864 911 946 pronuncio,
942 865 1035 947 quod
1067 867 1136 932 Dei

183 960 292 1025 solius
308 968 422 1027 tutum
439 962 605 1045 suffragio
617 971 717 1029 tanta
730 964 957 1029 barbarorum
972 964 1137 1033 horrebat

185 1062 292 1127 natio.
999 1086 1003 1092 ·

235 1161 346 1246 §379.
370 1162 439 1227 Illo
465 1182 570 1242 anno,
589 1162 650 1248 qui
670 1163 737 1227 fuit
752 1163 947 1228 Dominicae
972 1164 1269 1231 incarne-rene.

183 1261 290 1325 tionis
315 1262 517 1329 millesimus
549 1264 758 1329 centesimus
788 1264 932 1346 primus,
957 1264 1050 1347 ignis
1075 1286 1133 1331 sa·

183 1369 313 1440 cratus,
335 1364 396 1447 qui
424 1364 560 1429 solebat
584 1364 740 1447 vigiliam
768 1364 916 1431 Paschae
943 1364 1133 1445 illustrare,

183 1462 337 1527 tardavit
351 1464 429 1546 plus
447 1465 562 1530 solito.
614 1465 768 1531 Sabbato
793 1466 885 1529 enim
908 1466 1007 1531 lectis
1026 1466 1131 1532 alter·

182 1564 292 1630 natim
317 1564 522 1631 lectionibus
549 1564 673 1630 Graece
698 1572 734 1631 et
757 1565 894 1644 Latine,
914 1568 1131 1649 repetitoque

182 1669 235 1727 ter
251 1663 385 1747 ‘Kyrie
398 1665 552 1743 eleison,’
565 1673 600 1730 et
609 1666 705 1731 clara
716 1665 883 1749 Syrorum
894 1666 1043 1731 melodia
1052 1686 1130 1751 per·

181 1770 368 1848 strepente,
393 1786 472 1830 cum
493 1767 639 1831 necdum
661 1773 846 1849 appareret
869 1751 974 1848 ignis,
998 1774 1034 1831 et
1054 1767 1129 1851 jam

180 1864 343 1929 occiduus
361 1866 414 1931 sol
425 1886 606 1950 vesperam
621 1874 772 1949 urgeret,
788 1874 924 1931 noctem
938 1866 1130 1947 inveheret,

180 1966 223 2029 ab
251 1966 410 2031 omnibus
439 1987 518 2031 cum
548 1987 695 2033 moerore
720 1968 757 2032 in
783 1967 904 2031 domos
928 1967 1128 2031 discessum.

180 2064 368 2131 Placuerat
394 2068 486 2131 enim
511 2086 683 2151 perpenso
705 2068 851 2132 consilio
878 2074 919 2132 ut
942 2067 1004 2131 illa
1026 2075 1129 2133 nocte

178 2168 272 2230 omni
300 2166 438 2231 homine
455 2176 596 2233 vacaret
621 2168 735 2232 sancti
760 2167 942 2250 Sepulchri
969 2168 1128 2246 ecclesia,

178 2286 220 2329 ne
249 2267 390 2351 aliquia,
419 2268 475 2331 cui
507 2269 666 2332 ulcerosa
693 2267 876 2350 squalebat
903 2268 1128 2347 conscientia,

178 2367 292 2432 Deum
304 2369 417 2449 magis
430 2369 582 2433 irritaret
592 2367 772 2451 ingerendi
780 2368 1005 2451 impudentia.
1028 2366 1052 2430 J
1055 2386 1128 2431 am·

178 2487 244 2550 que
258 2467 413 2534 diluculo
434 2470 567 2535 sensim
578 2469 615 2533 in
629 2469 741 2534 lucem
766 2475 938 2552 serpente,
952 2469 1127 2552 processio

179 2568 384 2634 Latinorum
406 2569 451 2633 ad
475 2570 642 2654 templum
673 2569 869 2635 Salomonis
898 2569 1054 2647 edicitur,
1087 2577 1127 2636 ut

177 2670 224 2733 ihi
251 2670 385 2734 oraturi
412 2670 481 2734 Dei
507 2671 775 2735 misericordiam
796 2670 1003 2735 invitarent:
1035 2669 1126 2734 idem

176 2770 268 2834 circa
289 2769 509 2853 sepulchrum
533 2771 674 2835 Domini
695 2771 870 2835 faciehant
893 2770 985 2853 Syri,
1006 2770 1041 2834 vi
1064 2770 1126 2834 do-

176 2869 259 2934 loris
272 2872 400 2935 barbas
414 2878 450 2936 et
463 2871 608 2955 capillos
623 2871 837 2936 vellicantes.
890 2869 967 2935 Nec
981 2870 1040 2934 diu
1063 2889 1126 2952 po·

177 2977 275 3035 tuere
294 2971 369 3054 pati
383 2971 502 3036 divina
517 2971 662 3049 viscera,
677 2971 856 3036 confestim
871 2970 952 3051 igne
967 2970 1004 3032 in
1020 2988 1125 3033 unam

126 3063 132 3074 ’
176 3071 370 3154 lampadem
387 3072 560 3153 sepulchri
582 3072 747 3136 immisso.
794 3069 907 3149 Quem
922 3089 1000 3133 cum
1014 3069 1125 3133 anim·

176 3172 384 3236 advertisset
419 3171 528 3255 Syrus
565 3193 627 3255 per
662 3172 832 3236 fenestras
864 3169 1125 3247 scintillantem,

175 3273 300 3355 plausu
331 3290 495 3336 manuum
524 3273 683 3337 laetitiam
708 3272 870 3355 prodens,
896 3290 1034 3335 cursum
1060 3290 1124 3352 pa-

174 3371 335 3438 triarchae
358 3372 576 3436 acceleravit.
630 3372 709 3449 Ille,
723 3372 880 3436 clavibus
896 3389 984 3453 quas
1006 3378 1124 3451 gesta-

175 3474 236 3538 bat
251 3472 395 3556 adytum
417 3473 573 3537 aediculae
597 3471 825 3555 sepulchralis
848 3472 1019 3553 aperiens,
1035 3463 1124 3534 lcoe·

174 3574 260 3638 leste
285 3592 412 3637 munus
434 3593 533 3638 cereo
556 3591 702 3638 accenso
731 3571 870 3648 extulit,
893 3571 1051 3635 omnibus
1078 3570 1123 3634 ad

175 3673 239 3739 hoc
254 3675 537 3740 concurrentibus
553 3671 823 3738 communicans.
870 3671 958 3736 Mox
973 3690 1035 3752 per
1050 3689 1126 3733 om-

174 3795 252 3838 nem
277 3774 458 3840 ecclesiam
492 3781 628 3838 caeterae
658 3773 826 3837 divinitus
853 3789 1008 3835 accensae
1040 3777 1124 3835 sunt

172 3875 370 3958 lampades;
387 3875 512 3939 mirum
522 3875 559 3937 in
569 3873 707 3938 modum
717 3872 791 3950 illa,
805 3892 884 3956 quae
895 3864 1122 3954 proxime²il·

173 3975 374 4039 luminanda
397 3982 500 4053 esset,
513 3974 607 4038 fumo
630 3973 810 4056 praemisso
826 3973 974 4037 vicinam
1000 3989 1122 4034 accen·

207 4196 215 4228 ¹
235 4199 338 4279 cauce
354 4209 442 4245 munus
454 4209 521 4244 cereo
538 4209 634 4278 cremae
694 4218 704 4248 r
723 4213 912 4286 Mumm]
934 4215 967 4267 ,4,
987 4216 1016 4267 s,
1039 4218 1068 4271 c,
1087 4216 1123 4267 D,

173 4270 281 4400 pxtpgrqt]
294 4268 343 4318 See
355 4266 475 4329 Fulcher,
482 4265 563 4317 Gesta
577 4267 635 4327 Der,
659 4293 716 4342 Ea.
728 4291 775 4352 L.;
793 4289 894 4340 omitted
908 4289 933 4337 11,
945 4289 969 4336 E
978 4292 1001 4338 l.
