3100 5050
150 484 306 565 mnia]
379 502 493 551 cnsra
517 502 644 553 aucun
669 504 887 596 saoconna.
1042 488 1108 556 tel

149 660 258 723 solvit
279 668 314 725 et
335 662 534 726 convivium
547 664 698 746 repetiit.
752 663 811 728 Ita
832 662 925 727 bello
941 663 1109 729 intestino

150 760 212 823 diu
230 760 406 826 laboravit
423 761 660 842 Normannia3
684 762 787 828 modo
808 762 890 839 illis,
905 764 1009 828 modo
1030 764 1108 828 istis

151 861 390 925 vincentibus:
418 881 578 944 proceres
603 864 784 945 utriusque
810 862 960 927 furorem
982 864 1108 929 incita·

152 962 250 1037 bant,
280 961 436 1026 homines
464 962 641 1039 levissimi,
665 964 701 1026 in
729 971 855 1027 neutra
878 971 978 1045 parte
1005 963 1108 1028 fidem

152 1060 334 1126 habentes
387 1061 496 1127 Pauci
519 1063 644 1145 quibus
666 1064 785 1127 sanius
807 1063 1001 1139 consilium,
1023 1083 1106 1128 con-

152 1162 309 1226 sulentes
334 1162 406 1225 suis
429 1162 618 1227 commodis
644 1162 736 1244 quod
765 1162 949 1246 utrobique
971 1183 1106 1246 posses·

151 1262 269 1326 siones
297 1262 476 1340 haberent,
498 1263 704 1327 mediatores
728 1263 826 1346 pacis
847 1262 964 1342 luere;
986 1270 1027 1327 ut
1047 1284 1240 1328 cesama

153 1361 231 1425 miti
248 1382 312 1425 rex
330 1361 554 1427 cinomannis
576 1362 785 1445 adquireret,
800 1382 915 1427 comes
937 1364 1012 1445 regi
1029 1383 1106 1428 cas·

152 1462 238 1526 tella
254 1482 334 1545 quae
351 1461 501 1527 babebat
519 1470 555 1526 et
568 1463 784 1527 'Fiscannum
806 1462 1003 1527 coenobium
1024 1482 1106 1527 con-

95 1580 96 1583 ’
153 1562 303 1627 cederet.
355 1562 378 1625 J
381 1569 519 1626 uratum
541 1570 594 1626 est
619 1562 683 1627 hoc
709 1570 862 1646 pactum,
884 1570 919 1627 et
941 1565 986 1628 ab
1010 1570 1107 1629 utro·

152 1682 301 1746 rumque
315 1663 509 1727 hominibus
526 1670 744 1729 sacramento
758 1663 945 1727 firmatum.

183 1854 362 1922 QUOMODO
375 1854 594 1902 WILLELMUS
614 1855 658 1901 ΕΤ
674 1854 865 1902 ROBERTUS
879 1854 1107 1903 OBSEDERIN'I'
1218 1918 1223 1926 ι

272 1955 467 2003 HENRlCUM
495 1955 667 2003 FRATREM
696 1955 798 2003 SUUM
827 1955 925 2003 APUD
954 1956 1106 2003 Mortuum

271 2054 401 2102 SANGTI
425 2054 636 2102 MlCHAELlS.

205 2160 324 2245 §308.
348 2160 426 2225 Nec
448 2161 558 2225 multo
584 2169 667 2244 post
688 2182 751 2226 rex
773 2182 869 2226 mare
895 2162 1045 2239 transiit,
1069 2174 1179 2269 utque
1187 2179 1235 2270 ‘aa

153 2262 256 2328 fidem
269 2262 518 2344 promissorum
539 2263 708 2346 expleret.
759 2262 855 2344 Ergo
871 2270 1017 2345 uterque
1033 2261 1105 2325 dux
1118 2240 1218 2320 affin

152 2363 313 2444 ingentes
333 2362 564 2425 moliebantur
584 2369 730 2427 conatus
752 2371 792 2426 ut
807 2360 1031 2427 Cinomannis
1052 2364 1106 2426 in·

154 2463 344 2528 vaderent:
368 2462 428 2526 sed
452 2460 588 2527 obstitit
604 2462 680 2548 jam
703 2463 848 2545 paratio,
859 2462 1003 2547 jamque
1025 2483 1106 2546 pro·

153 2563 312 2640 lectaria,
332 2563 478 2626 Henrici
500 2562 617 2626 fratris
644 2564 787 2627 minoris
810 2564 1024 2640 animositas,
1047 2564 1108 2645 qui

153 2664 329 2728 frenderet
349 2669 490 2745 propter
503 2662 649 2726 fratrum
671 2663 876 2742 avaritiam
900 2663 992 2744 qnod
1012 2672 1106 2727 uter·

153 2784 218 2848 qne
245 2763 485 2846 possessiones
507 2769 672 2844 paternas
692 2762 897 2840 dividerent,
919 2771 1011 2827 etse
1032 2783 1108 2827 om·

153 2866 248 2928 nium
272 2883 362 2946 pene
383 2869 561 2946 expertem
583 2883 653 2927 non
675 2863 928 2927 erubescerent.
980 2863 1107 2946 Itaque

153 2972 307 3029 montem
330 2962 443 3026 sancti
457 2962 640 3027 Michaelis
656 2970 810 3026 armatus
825 2961 964 3040 insedit,
979 2969 1015 3026 et
1032 2983 1107 3027 cre·
1146 3023 1155 3037 Ι

152 3065 222 3128 bris
236 3063 442 3128 excursibus
463 3062 678 3126 obsidentem
691 3063 850 3126 militiam
864 3082 1107 3144 germanorum

152 3163 386 3229 contristavit.
440 3161 484 3226 In
515 3182 557 3226 ea
579 3162 757 3227 obsidione
782 3163 970 3244 praecluum
994 3164 1105 3246 speci·

152 3285 229 3328 men
244 3283 381 3328 morum
395 3261 432 3325 in
445 3282 526 3344 rege
543 3269 578 3325 et
593 3261 717 3326 comite
732 3263 915 3344 apparuit3
939 3264 975 3326 in
995 3264 1105 3329 altero

151 3363 437 3439 mansuetudinis,
457 3363 495 3426 in
517 3363 627 3426 altero
646 3360 953 3444 magnanimitatis.
1007 3363 1104 3427 Utri-

152 3484 262 3548 usque
287 3463 439 3546 exempli
464 3470 566 3527 notas
588 3482 651 3546 pro
674 3461 865 3545 legentium
887 3460 1013 3524 notitia
1033 3455 1104 3526 ¹af-

152 3565 270 3647 figam.

325 3754 373 3800 DE
396 3753 706 3802 MAGNANlMlTATE
730 3754 930 3801 WlLLELMl.

198 3861 320 3949 §309·
354 3861 523 3944 Egressus
555 3881 618 3926 rex
646 3862 882 3939 tabernaculo,
912 3861 1227 3943 vidensqueum.

150 3965 283 4027 eminus
316 3960 433 4026 hostes
454 3963 641 4044 superbum
668 3961 915 4044 inequitantes,
946 3961 1041 4025 solus
1064 3929 1258 4025 mmm

149 4064 276 4129 multos
303 4063 416 4140 irruit,
449 4061 630 4125 alacritate
656 4062 796 4126 virtutis
826 4062 1023 4145 impatiens,
1054 4061 1101 4125 si-

339 4299 488 4373 um]
506 4304 539 4356 A.
552 4305 582 4355 a.
594 4305 629 4355 n.
645 4305 678 4355 n.
690 4304 737 4365 a,
754 4305 867 4368 ungam,
880 4277 911 4354 c.
