3100 5050
200 507 273 566 nra,
290 492 333 576 1.]
485 509 660 561 ursionis
684 511 864 562 uovannr.
1087 500 1152 564 705

200 668 389 733 centesimo
414 666 588 734 tricesimo
609 678 725 748 sexto,
748 678 883 754 postea,
898 671 990 754 regis
1006 669 1152 737 Henrici

200 787 339 850 corpus,
362 768 499 835 lenibus
523 769 641 834 flabris
665 771 891 854 spirantibus,
923 771 1042 836 statim
1072 780 1152 856 post

201 866 333 933 Natale
344 869 487 934 Domini
497 870 696 954 impositum
706 869 961 953 naviAngliam
970 871 1152 938 devectum

199 975 274 1048 est3
308 977 344 1034 et
372 969 465 1053 apud
492 969 716 1053 Radingense
745 972 955 1051 coenobium,
982 970 1093 1058 (quod
1116 980 1152 1037 et

199 1067 285 1132 foris
297 1069 505 1152 praediorum
530 1070 781 1154 magnitudine,
798 1078 835 1136 et
854 1073 949 1136 intus
970 1072 1151 1154 religioso-

198 1188 277 1232 rum
294 1169 542 1235 monaohoram
562 1171 683 1235 ordine
703 1168 958 1254 decoraverat)
980 1179 1151 1255 praesente

198 1269 299 1352 regni
309 1289 522 1352 successore,
541 1270 723 1335 humatum
737 1279 802 1337 est.
843 1272 974 1337 Postea
986 1292 1070 1338 vero
1086 1292 1150 1336 rex

199 1368 398 1453 Stephanus
413 1370 451 1434 in
467 1369 822 1436 Northanhumbriam
835 1371 941 1455 paulo
955 1378 1035 1436 ante
1053 1371 1151 1452 Qua-

198 1469 431 1551 dragesimam
450 1470 640 1548 contendit,
657 1479 706 1535 ut
727 1472 844 1536 David
868 1491 986 1554 regem
1009 1472 1150 1550 Scotiee,

199 1569 260 1652 qui
287 1570 425 1634 diversa
449 1571 578 1634 sentire
602 1570 794 1649 dicebatur,
817 1572 1036 1637 conveniret:
1069 1564 1149 1636 ¹nec

198 1686 284 1734 vero
300 1669 481 1734 difficulter
497 1671 597 1734 abeo
615 1670 707 1753 quod
720 1671 834 1737 voluit
845 1673 1056 1754 impetravit,
1068 1672 1150 1754 quia

198 1776 235 1834 et
249 1769 309 1834 ille
324 1790 459 1834 moram
480 1768 635 1848 lenitate,
650 1777 686 1835 et
702 1771 855 1854 propiori
873 1771 949 1856 jam
972 1777 1149 1836 senectute

198 1869 380 1948 infractus
397 1869 546 1934 libenter
558 1870 596 1934 in
609 1871 719 1935 otium
728 1871 785 1936 vel
802 1891 893 1937 verae
907 1871 964 1937 vel
978 1871 1150 1936 simulatae

197 1970 296 2053 pacis
313 1969 495 2036 concessit.

200 2159 262 2216 ,DE
283 2159 457 2211 ADVENTU
481 2161 639 2210 ROBERTI
663 2161 808 2211 corillus
832 2160 1070 2230 GLOEGESTRAE
1092 2163 1133 2210 IN

587 2262 765 2310 ANGLlAM.

199 2326 203 2332 Δ
250 2368 333 2452 §la
351 2367 483 2434 Eodem
497 2387 590 2434 anno
603 2376 684 2451 post
696 2348 835 2434 Pascha
845 2329 1021 2435 Robertus
1036 2388 1150 2436 eomes
1163 2385 1297 2426 Aravaand

1163 2437 1254 2476 conduct
1263 2438 1286 2476 ol

200 2467 428 2550 Gloecestrae‚
455 2469 559 2554 ‚cujus
596 2469 816 2553 prudentiam
853 2490 918 2535 rex
955 2470 1151 2555 Stephanus
1164 2486 1296 2527 amnem

187 2570 350 2657 ,maxime
374 2572 569 2649 verebatur,
592 2571 689 2636 venit
710 2570 747 2634 in
766 2567 944 2652 Angliam.
997 2570 1047 2649 Ia,
1067 2571 1147 2635 dum
1162 2538 1293 2629 glum

198 2678 292 2735 esset
316 2671 353 2733 in
367 2670 596 2749 Normannia,
617 2670 729 2735 multa
752 2671 962 2752 cogitatione
984 2670 1151 2753 fatigarat

198 2769 354 2835 animum
369 2771 534 2853 quidnam
559 2769 626 2834 sibi
651 2789 755 2853 super
779 2770 845 2833 hoc
870 2770 1011 2853 negotio
1037 2778 1150 2835 statu·

195 2870 327 2935 endum
352 2877 511 2953 putaret:
544 2870 575 2933 si
598 2870 690 2933 enim
718 2870 795 2951 regi
821 2870 997 2953 Stephano
1024 2871 1150 2935 subde·

198 2977 306 3048 retur,
330 2978 458 3035 contra
481 2977 736 3035 sacramentum
764 2970 856 3052 quod
887 2970 997 3034 sorori
1019 2970 1149 3035 fecerat

195 3068 271 3134 sore
286 3070 448 3150 videbat3
472 3070 504 3136 si
518 3069 763 3153 refragaretur,
780 3068 866 3133 nihil
889 3070 998 3134 sorori
1015 3070 1071 3135 vel
1088 3090 1149 3135 ne·

197 3170 339 3252 potibus
364 3169 595 3253 profuturum,
616 3169 683 3235 sibi
713 3177 806 3234 certe
836 3170 1032 3235 immaniter
1053 3171 1149 3235 noci-

198 3276 328 3348 turum,
351 3256 580 3353 intelligebat.
649 3269 815 3334 Habebat
842 3269 933 3355 enim
959 3268 1017 3358 (ut
1043 3289 1149 3354 supra

198 3366 318 3455 tetigi)
351 3390 415 3435 rex
445 3370 647 3435 immensam
673 3370 745 3435 vim
775 3369 1030 3447 thesaurorum,
1061 3390 1149 3453 qnos

197 3470 318 3535 multis
344 3470 445 3534 annis
461 3463 542 3534 ²rex
568 3468 743 3533 Henricus
763 3469 956 3535 avunculus
979 3489 1063 3535 suus
1085 3490 1149 3552 ag-

197 3577 378 3652 gesserat3
401 3568 664 3635 aestimabantur
680 3562 848 3647 ³denarii,
875 3576 911 3633 et
935 3569 971 3632 hi
995 3570 1149 3652 exquisi-

233 3817 243 3852 ¹
256 3822 310 3870 Nec
318 3836 375 3870 cero
384 3820 537 3886 effatae]
553 3821 586 3871 E.
596 3836 604 3881 3
615 3836 661 3870 nec
685 3819 745 3869 time
755 3818 821 3869 alter
837 3818 879 3869 the
894 3820 1008 3869 Norman
1019 3820 1148 3883 Conqucst

195 3892 309 3954 difficile,
321 3892 351 3941 S.
364 3892 395 3943 C.
407 3890 442 3941 D.
454 3890 510 3941 Η.
684 3889 755 3939 there
773 3904 829 3939 was
846 3904 909 3951 very
926 3891 991 3940 little
1011 3905 1101 3954 money
1120 3893 1146 3953 in

231 3960 450 4011 ’RexHeariear
462 3962 595 4009 arandae
603 3974 663 4009 saar
685 3960 771 4021 specie
793 3961 820 4007 in
840 3959 883 4009 the
905 3961 992 4022 realm,
1019 3961 1071 4009 and
1091 3962 1147 4012 that

195 4026 364 4099 aggesserat]
382 4032 434 4091 li.;
458 4031 602 4080 avunculus
618 4045 662 4093 ag·
684 4029 750 4079 until
770 4029 820 4083 the,
841 4030 913 4093 reign
939 4029 969 4078 oi
992 4030 1083 4092 Henry
1103 4031 1146 4081 the

194 4106 319 4169 gesserat,
330 4102 360 4151 S.
373 4102 403 4150 C.
415 4101 451 4150 D.
463 4100 517 4149 Li.
685 4099 754 4149 First
764 4099 799 4148 all
809 4104 876 4148 rents
893 4099 944 4149 and
960 4099 1037 4149 larms
1052 4100 1103 4149 due
1120 4105 1147 4161 to

231 4171 243 4204 ⁸
254 4171 371 4235 baasi,
380 4175 406 4220 et
414 4170 440 4219 bi
451 4169 661 4233 exquisitissimi]
684 4170 727 4218 the
738 4170 802 4231 king
812 4183 880 4219 were
889 4169 1012 4219 rendered
1022 4171 1049 4218 in
1064 4171 1148 4231 provi-

194 4243 250 4293 The
272 4244 365 4292 author
380 4241 410 4290 of
425 4240 468 4290 the
486 4240 614 4302 Dialogus
629 4240 662 4289 de
685 4240 754 4289 sione
781 4239 832 4287 and
860 4241 1015 4289 necessarios
1041 4241 1081 4289 for
1107 4241 1147 4290 his

196 4314 332 4365 scaccario
353 4316 433 4363 states
456 4310 512 4360 that
533 4310 572 4360 ior
593 4325 662 4372 some
672 4308 840 4380 ,household3
851 4310 898 4359 but
908 4310 997 4373 Henry
1007 4310 1148 4373 Lordered
