3100 5050
410 520 477 587 758
696 537 870 586 ursronm
893 537 1071 586 novrum.
1199 523 1289 603 [nra.
1308 537 1365 584 ιιι.

253 715 389 807 mms-
414 715 529 761 causae
552 716 575 760 a
597 695 791 770 Decembri,
809 715 879 779 quo
902 703 1001 779 pater
1022 695 1206 761 defunctus
1229 702 1294 773 est,
1309 713 1368 758 us-

253 818 330 859 ωιοι
340 818 404 856 crou-
415 816 484 879 que
499 803 579 880 post
594 815 742 880 sequeus
757 795 907 873 Pascha,
922 795 959 859 in
974 795 1192 861 Normannia
1205 797 1366 860 continu·

254 867 396 959 maan·
417 898 519 975 erint,
534 917 577 960 ne
593 898 712 962 statim
732 897 767 960 in
786 893 947 977 Angliam
964 898 1107 961 veniens
1125 897 1253 962 sororis
1275 896 1368 980 inju-

402 998 489 1068 ,rias
512 997 715 1062 vindicaret.
775 995 956 1060 Postremo
983 999 1135 1075 venienS,
1159 1016 1263 1080 quam
1284 1015 1368 1079 pru·

420 1097 514 1161 denti
528 1097 673 1162 consilio
689 1103 724 1161 et
740 1115 810 1178 qua
824 1097 1029 1179 exceptione
1047 1098 1092 1161 ad
1107 1097 1298 1162 hominium
1314 1116 1368 1160 re-

420 1197 474 1279 gis
497 1217 536 1262 se
555 1195 785 1273 inclinaverit,
801 1203 837 1260 et
859 1215 963 1279 quam
979 1196 1076 1280 juste
1096 1197 1187 1262 idem
1208 1197 1369 1280 sequenti

416 1317 513 1363 anno
527 1305 563 1362 et
576 1297 737 1380 deinceps
753 1295 930 1380 abjecerit.

473 1397 561 1483 §57.
579 1397 654 1462 Nec
668 1404 722 1462 est
738 1395 991 1480 praetermissus
1007 1397 1178 1461 secundus
1195 1397 1272 1481 ejus
1288 1403 1371 1480 post

422 1505 567 1563 mortem
581 1499 691 1580 patris
707 1517 730 1561 a
744 1496 963 1561 Normannia
976 1497 1012 1560 in
1029 1495 1195 1579 Angliam
1211 1517 1290 1560 cum
1313 1515 1370 1560 so-

422 1617 501 1663 rore
516 1598 686 1663 adventus
700 1617 709 1677 3
732 1597 768 1661 in
785 1615 888 1680 quam
903 1615 940 1660 se
954 1597 1045 1660 sicut
1057 1598 1094 1660 in
1111 1597 1286 1679 quandam
1300 1596 1387 1679 syl-⁸

423 1717 503 1763 vam
518 1698 736 1762 frementium
752 1698 943 1761 belluarum
958 1696 1137 1773 immersit,
1154 1697 1221 1761 Dei
1233 1696 1372 1780 quidem

424 1799 539 1881 gratia
553 1807 588 1863 et
602 1798 709 1862 animi
724 1796 932 1862 confidentia
946 1796 1066 1874 fretus,
1083 1797 1144 1862 sed
1157 1797 1218 1861 vix
1233 1803 1373 1861 centurn

425 1907 460 1963 et
476 1898 706 1982 quadraginta
721 1897 887 1960 militibus
903 1897 1065 1979 stipatus.
1118 1897 1186 1961 Sed
1204 1917 1268 1962 nec
1285 1896 1372 1960 illud

425 1999 582 2076 tacitum,
599 1997 690 2081 quod
711 1999 747 2060 in
764 2003 865 2060 tanto
880 2003 976 2061 motu
997 1997 1177 2074 bellorum,
1200 2016 1278 2062 cum
1302 1997 1373 2061 sol-

425 2099 530 2162 licitae
547 2098 674 2181 ubique
690 2096 986 2180 praetenderentur
1002 2098 1171 2175 excubiae,
1191 2117 1270 2162 cum
1291 2097 1375 2161 solis

425 2198 605 2263 duodecim
619 2197 786 2261 militibus
800 2197 947 2280 impigre
963 2196 1008 2261 ad
1025 2198 1166 2262 Bristou
1182 2197 1299 2277 venit;
1317 2215 1375 2261 so·

426 2317 504 2363 rore
528 2297 665 2361 interim
687 2296 782 2379 apud
803 2294 1030 2360 Arundellum
1051 2297 1132 2376 fida,
1152 2305 1192 2362 ut
1214 2297 1376 2379 putabat,

427 2397 585 2462 custodia
602 2398 797 2460 commissa.
849 2395 930 2474 Qua
950 2397 1133 2479 prudentia
1156 2405 1192 2462 et
1213 2403 1298 2460 tunc
1319 2415 1376 2461 so-

427 2517 540 2563 rorem
554 2516 654 2561 suam
668 2517 687 2561 e
702 2494 823 2561 mediis
837 2495 994 2562 hostibus
1018 2497 1062 2562 ad
1080 2516 1118 2561 se
1143 2498 1324 2581 receperit,
1338 2505 1377 2561 et

426 2598 646 2681 postmodum
677 2598 714 2660 in
746 2596 905 2662 omnibus
932 2616 995 2679 pro
1023 2616 1126 2680 posse
1156 2598 1377 2681 provexerit3

428 2717 564 2781 semper
584 2698 676 2762 circa
698 2716 776 2761 eam
800 2706 1038 2774 conversatus,
1062 2698 1171 2780 ipsius
1196 2697 1379 2762 commoda

428 2817 629 2881 procurans
660 2815 724 2861 sua
747 2803 971 2879 postponens,
1007 2815 1085 2860 cum
1117 2790 1258 2880 qriidam
1290 2797 1379 2860 abu·

430 2905 544 2962 tentes
566 2900 643 2983 ejus
662 2896 820 2960 absentia
843 2903 953 2960 terras
976 2896 1085 2979 ipsius
1112 2896 1263 2980 undique
1279 2896 1379 2961 velli·

430 3006 561 3061 carent.
613 2996 670 3062 Ad
692 3003 915 3079 postremum,
935 3014 1005 3078 qua
1024 2996 1230 3060 necessitate
1249 2996 1379 3061 adduc-

430 3103 500 3174 tus,
515 3104 555 3160 ut
569 3116 733 3178 generum
749 3114 864 3173 suum,
877 3115 980 3178 quem
995 3115 1056 3159 rex
1070 3095 1269 3175 incluserat,
1288 3097 1380 3179 pori·

431 3197 511 3261 culo
532 3198 711 3273 eximeret,
734 3195 827 3259 bello
851 3196 951 3277 gravi
975 3214 1013 3259 se
1037 3195 1169 3259 dederit
1194 3214 1380 3278 regemque

432 3296 573 3379 ceperit.
624 3295 691 3360 Sed
717 3302 791 3360 tam
812 3294 946 3360 felicem
969 3302 1130 3361 eventum
1155 3297 1270 3379 captio
1288 3288 1379 3379 ¹ejus

432 3397 525 3479 apud
539 3395 767 3473 Wintoniam,
782 3396 870 3459 utin
884 3395 1071 3477 superioris
1085 3396 1166 3459 anni
1179 3396 1288 3477 gestis
1302 3415 1380 3478 per·

432 3498 570 3574 strinxi,
597 3496 700 3578 paulo
729 3496 843 3558 minus
869 3488 1075 3575 ²delinavit3
1108 3514 1308 3578 quanquam
1339 3515 1380 3559 ea

433 3597 594 3679 captione
610 3614 679 3659 non
702 3603 774 3658 tam
794 3595 1026 3659 miserandum
1041 3588 1145 3676 quam
1168 3594 1379 3659 laudandum

432 3715 471 3760 se
495 3696 569 3778 ipse
593 3714 655 3777 per
681 3694 750 3757 Dei
773 3694 921 3775 gratiam
946 3694 1159 3759 exhibuerit:
1190 3714 1268 3757 cum
1292 3695 1381 3757 euim

433 3795 566 3861 videret
589 3790 704 3877 regios
731 3794 873 3858 comites
896 3795 946 3857 ita
971 3795 1165 3859 obstinatos
1195 3793 1240 3857 ad
1269 3811 1383 3876 perse·

434 3896 608 3979 quendum
621 3907 661 3958 ut
677 3894 752 3957 sine
774 3912 914 3956 suorum
935 3893 1141 3957 detrimento
1161 3911 1217 3957 res
1236 3891 1382 3973 transigi

435 3996 605 4078 nequiret,
628 4011 747 4058 omnes
777 3992 901 4075 quibus
932 3993 1088 4069 timebat,
1113 3993 1383 4074 nominatimque

437 4229 577 4380 dmm]
594 4264 644 4324 E.;
660 4261 765 4311 omitted
782 4261 808 4308 in
821 4259 849 4309 S.
862 4259 897 4309 D.
925 4254 1129 4379 ε’ἒεὶῖιὲιιυὶω
1153 4258 1203 4318 Ε.;
1226 4255 1388 4315 decoloravit,
1428 4215 1438 4230 ·

467 4336 492 4382 2.
947 4364 953 4378 .
995 4365 1001 4379 .
1062 4363 1068 4378 .
