3100 5050
164 527 234 574 nra.
253 513 319 594 ru]
397 528 511 577 cnsra
534 530 661 579 aucun
686 531 900 579 ananciten.
1052 513 1117 578 567

166 693 264 750 trant
284 685 522 752 fundamenta.
573 685 733 752 Alterum
755 688 832 767 fuit,
857 708 920 770 pro
943 689 1116 771 lignorum
1129 706 1190 756 stae

166 788 323 867 penuria,
348 789 453 852 turris
472 808 542 852 non
567 807 706 870 magna,
733 790 771 852 in
791 789 931 854 modurn
951 790 1113 854 aedificio·
1127 758 1197 798 Μ’
1221 787 1226 798 ’

166 907 243 950 rum
270 887 387 953 faeta:
420 888 577 953 Berfreid
600 889 790 973 appellant,
815 890 908 973 qnod
938 890 1115 972 fastigium

166 1006 345 1052 murorum
368 996 534 1071 aequaret.
586 988 667 1054 Hoc
691 989 1016 1069 machinamentum,
1032 990 1114 1055 dum

165 1087 277 1166 fieret,
304 1108 437 1154 moram
467 1089 637 1155 obsidioni
660 1089 755 1154 dedit
777 1111 841 1173 pro
863 1089 1038 1157 fabrorum
1059 1092 1112 1155 in·

166 1188 268 1252 scitia
292 1196 329 1253 et
351 1189 524 1272 lignorum
549 1183 692 1272 ¹inopia.
743 1190 791 1254 Et
808 1191 884 1276 jam
909 1191 1215 1274 quartusdema.

1198 707 1263 748 oile-

1198 768 1220 798 m

165 1289 276 1352 cimus
303 1289 377 1354 dies
394 1289 417 1353 J
420 1290 482 1354 ulii
499 1291 716 1367 volvebatur,
737 1309 816 1354 cum
840 1290 876 1354 hi
898 1291 1046 1356 admotis
1059 1292 1111 1356 vi-

77 1421 82 1425 ·
164 1391 239 1454 neis
255 1410 394 1454 murum
415 1389 595 1468 soffodere,
616 1390 653 1454 hi
675 1402 806 1456 turrem
824 1411 1027 1474 promovere
1043 1413 1111 1457 coe-

164 1509 267 1572 pere:
307 1491 401 1573 quod
430 1498 470 1555 ut
498 1493 726 1575 opportunius
758 1492 869 1570 fieret,
897 1494 1112 1556 membratim

163 1590 377 1674 disjunctam
391 1591 436 1656 ad
449 1611 566 1657 muros
584 1592 713 1671 tulere3
734 1592 864 1676 ibique,
880 1613 987 1676 prope
1001 1613 1112 1676 quan-

163 1698 238 1754 tnm
261 1711 285 1754 a
304 1691 407 1775 jactu
428 1693 569 1774 sagittae
592 1711 716 1758 cavere
739 1701 913 1775 poterant,
936 1694 1113 1777 compagi-

164 1800 298 1869 natam,
319 1799 475 1856 rotarum
490 1792 709 1858 volubilitate
725 1813 825 1857 muro
838 1813 926 1875 pene
941 1794 1017 1878 conj
1024 1815 1112 1858 unx·

163 1911 233 1956 ere.
288 1891 429 1957 Interea
452 1893 643 1957 funditores
665 1894 849 1975 lapidibus,
865 1895 1037 1976 sagittarii
1054 1895 1111 1978 ja·

163 1993 264 2070 culis
283 1992 503 2058 arcubalistae
514 1994 605 2070 telis,
619 1995 765 2076 quisque
779 2013 879 2057 suum
896 1988 1112 2060 ²exercentes

165 2091 481 2171 officiuminstare,
492 2100 528 2157 et
538 2103 799 2176 propugnantes
809 2094 853 2158 de
863 2115 961 2158 muro
973 2096 1111 2160 submo-

163 2213 267 2272 vere;
294 2193 421 2258 milites
434 2213 573 2277 quoque
589 2193 718 2259 virtute
736 2195 1024 2278 incomparabiles
1038 2203 1112 2259 tur-

163 2293 228 2356 rim
252 2293 451 2370 ascendere,
465 2314 566 2377 aequo
583 2295 659 2378 jam
681 2315 770 2377 pene
792 2303 902 2359 marte
915 2295 994 2359 telis
1012 2303 1047 2359 et
1063 2296 1112 2360 la·

164 2394 305 2477 pidibus
329 2394 366 2458 in
388 2394 506 2459 hostes
521 2402 677 2475 agentes.
731 2395 807 2460 Nec
829 2395 880 2459 illi
901 2395 996 2460 feriis
1011 2414 1113 2460 vaca-

164 2495 262 2574 bant,
285 2495 358 2574 sed,
380 2516 517 2561 omnem
534 2495 661 2586 virtuti¹
679 2495 825 2561 salutem
848 2497 1113 2575 committentes,

163 2596 302 2680 adipem
326 2605 362 2662 et
375 2596 490 2661 oleum
505 2597 654 2679 ignitum
676 2597 712 2660 in
734 2598 856 2661 turrim
873 2605 908 2663 et
926 2598 962 2660 in
987 2598 1113 2661 milites

162 2696 353 2762 fundibalis
370 2697 629 2782 jaculabantur,
657 2697 843 2762 multorum
870 2698 1037 2761 mortibus
1059 2698 1113 2760 sui

163 2798 237 2862 voti
262 2817 300 2861 se
328 2805 505 2880 compotes
533 2796 735 2879 gloriantes.
788 2797 847 2862 Ita
873 2805 946 2861 toto
970 2798 1031 2861 illo
1057 2796 1113 2861 die

162 2905 346 2974 certatum,
362 2905 401 2962 ut
418 2904 542 2961 neutra
555 2916 637 2979 pars
650 2916 689 2961 se
705 2898 833 2961 victam
849 2904 998 2978 putaret.
1050 2898 1112 2961 Se·

163 2999 286 3081 quenti
308 2998 377 3075 die,
390 2999 451 3080 qui
476 3005 551 3062 erat
565 2996 862 3080 quintusdecimus
875 2996 898 3060 J
902 2998 977 3075 ulii,
990 2997 1033 3061 ad
1056 3017 1113 3061 su·
1125 3012 1173 3061 suu
1186 3014 1215 3051 1⁵·

162 3118 284 3179 prema
307 3107 469 3163 ventum:
495 3117 644 3180 namque
666 3098 805 3175 Franci,
827 3097 976 3179 pridiani
1002 3105 1113 3161 certa·

163 3198 405 3263 miniseventu
421 3198 638 3274 eruditiores,
653 3197 764 3261 fasces
773 3198 933 3279 oleagino
948 3216 1051 3262 succo
1063 3198 1114 3261 vi·

164 3298 265 3363 vidas
279 3300 317 3363 in
331 3300 455 3363 turrim
473 3318 573 3361 muro
587 3299 781 3380 proximam
803 3306 839 3361 et
854 3297 930 3381 ejus
954 3298 1114 3363 custodes

158 3398 334 3483 jecerunt.
385 3397 437 3464 At
462 3398 615 3476 damma,
638 3405 744 3463 vento
775 3403 902 3479 agente
933 3398 968 3461 in
999 3414 1114 3461 comas

163 3508 294 3576 erecta,
332 3500 444 3583 primo
480 3499 589 3581 ligna,
616 3492 716 3563 ³m0x
749 3497 882 3579 lapides
916 3498 1115 3579 corripiare,

162 3601 326 3665 custodes
349 3600 529 3682 effingavit.
590 3598 686 3678 Quin
707 3606 744 3662 et
766 3599 955 3680 tignaquae
969 3597 1075 3682 Turci
1098 3618 1116 3661 c

163 3720 264 3765 muro
286 3700 439 3784 pendula
461 3700 675 3776 dimiserant,
697 3708 736 3762 ut
763 3699 896 3775 turrim,
920 3697 950 3761 si
976 3697 1118 3779 propius

162 3802 420 3878 admoveretur,
437 3801 581 3864 reducto
602 3800 681 3863 nisu
700 3798 919 3863 brachiorum
940 3797 1118 3861 arietando

163 3901 399 3983 effringerent,
416 3901 544 3965 Franci
560 3900 700 3964 funibus
720 3898 867 3962 desectis
894 3896 937 3960 ad
960 3917 997 3961 se
1020 3906 1117 3963 trax-

164 4021 244 4081 ere;
269 4010 306 4067 et
322 4003 366 4067 de
381 4002 543 4067 machina
565 4002 601 4063 in
619 3987 753 4063 murum
766 3998 885 4084 jactis,
900 3998 1120 4079 cratibusque

204 4195 336 4267 'laepia.]
358 4201 388 4250 C.
401 4199 436 4249 D.
452 4201 483 4249 Ε.
494 4201 636 4262 ,penuria
662 4200 708 4256 t.;
727 4213 857 4255 exercens,
869 4198 897 4246 S.
915 4191 983 4263 (var.
994 4192 1068 4263 lect.)

164 4269 198 4321 A.
214 4270 244 4320 S.
256 4272 288 4320 L.
697 4266 803 4331 Ullam]
821 4268 854 4317 A.
867 4267 902 4317 D.
915 4267 947 4336 Ετ
959 4267 1004 4325 L.;
1027 4270 1124 4327 postea,

201 4337 399 4402 'ExercenteaJ
420 4339 454 4389 A.
468 4341 497 4390 S.
512 4341 541 4389 C.
554 4340 589 4389 D.
603 4340 636 4388 Ε.
664 4338 736 4388 Μ.
822 4354 826 4359 ·

952 4426 1019 4471 2Ρῖ
