3100 5050
418 463 485 529 764
706 483 881 532 maroam
905 472 1086 532 novrum.
1211 459 1299 550 [ms.
1315 482 1367 529 111.

422 647 545 704 coacto
566 638 724 716 concilio,
740 629 952 721 imperatrici
968 645 1004 702 et
1019 637 1232 721 principibus
1249 639 1370 704 audita

423 745 622 822 reportant:
640 738 829 803 ‘Comitem
837 737 1126 821 Andegavensem
1138 739 1369 822 legationibus

425 858 605 922 procerum
616 839 785 903 nonnulla
798 859 842 904 ex
853 845 952 922 parte
962 838 1100 919 favere3
1123 846 1299 918 caeterum,
1314 859 1371 905 so-

425 939 496 1003 lum
505 959 550 1003 ex
561 939 719 1004 omnibus
730 940 889 1004 comitem
899 933 1370 1022 Gloccestrensem¹cognos-
1413 1005 1417 1016 ,

426 1058 515 1118 cere,
531 1039 673 1124 ejusque
696 1038 914 1122 prudentiam
942 1058 982 1104 ac
1007 1038 1122 1117 fidem,
1143 1041 1371 1123 magnanimi-

426 1145 534 1203 tatem
559 1145 594 1203 et
615 1139 834 1218 industriam,
857 1139 1038 1223 probatam
1059 1139 1135 1223 jam
1161 1140 1248 1205 olim
1262 1140 1370 1206 habu-

425 1239 507 1303 isse.
559 1237 597 1302 Is
611 1239 642 1302 si
655 1237 699 1302 ad
721 1259 760 1303 se
779 1241 928 1305 transito
949 1239 1036 1303 mari
1060 1239 1235 1318 adveniat,
1249 1241 1371 1306 volun-

428 1339 493 1404 tati
515 1337 591 1422 ejus
616 1357 654 1402 se
674 1357 737 1420 pro
761 1358 863 1422 posse
883 1359 953 1404 non
976 1339 1195 1421 defuturum
1218 1339 1372 1423 alioquin

427 1446 572 1503 caeteros
596 1439 633 1502 in
662 1439 776 1503 eundo
798 1446 833 1504 et
857 1439 1030 1504 redeundo
1060 1439 1190 1504 frustra
1219 1440 1372 1506 laborem

427 1539 716 1621 consumpturos!

482 1718 655 1778 QUOMODO
678 1719 794 1768 OOMES
818 1721 1057 1770 snoscssrRAE
1079 1723 1129 1770 AD
1152 1723 1316 1772 GOMITEM

685 1821 976 1870 ANDEGAVENSDM
1000 1822 1112 1872 IERl'l'.

263 1941 392 2033 &affl
477 1929 566 2014 §69.
592 1929 650 1994 Ita
670 1931 823 1995 omnium
849 1930 1060 1994 audientium
1086 1932 1213 2015 spebus
1238 1932 1372 2010 erectis,

265 2045 405 2084 ontmtedto
425 2030 471 2093 ad
496 2031 655 2096 comitem
679 2050 799 2113 preces
816 2049 939 2108 versae,
956 2039 997 2096 nt
1022 2030 1113 2094 hunc
1134 2031 1287 2097 laborem
1309 2053 1373 2116 pro

263 2095 414 2194 diffidi-‘⁰¹
424 2132 553 2196 sororis
567 2137 602 2195 et
619 2137 782 2213 nepotum
805 2130 1008 2196 haereditate
1022 2131 1235 2214 dignaretur.
1288 2131 1372 2198 Dis·

424 2231 603 2296 simulavit
625 2231 684 2295 ille
706 2232 829 2314 primo,
846 2229 1017 2295 difficilem
1040 2251 1112 2296 rem
1134 2232 1371 2315 praetendens:

425 2339 624 2414 suspectum
646 2351 708 2414 per
721 2330 989 2395 confertissimos
1006 2331 1123 2396 hostes
1146 2334 1214 2397 iter
1228 2333 1318 2397 citra
1339 2341 1374 2400 et

425 2432 518 2495 ultra
534 2450 628 2495 mare
641 2451 649 2510 3
665 2431 891 2515 periculosum
908 2433 1029 2509 sorori,
1042 2439 1146 2514 quam
1162 2433 1199 2497 in
1215 2434 1374 2499 absentia

425 2532 502 2617 ejus
515 2532 574 2596 alii
592 2550 684 2614 aegre
701 2539 892 2608 tuerentur,
910 2533 970 2616 qui
990 2552 1066 2598 eam
1082 2534 1119 2597 in
1134 2535 1295 2618 captione
1310 2554 1375 2601 sua

427 2651 515 2714 pene
530 2633 751 2715 reliquerant,
766 2632 869 2696 rebus
891 2632 958 2715 ipsi
980 2624 1051 2697 suis
1067 2633 1177 2698 diffisi.
1233 2635 1372 2701 Faveas

427 2733 566 2797 tandem
594 2731 745 2796 omnium
768 2732 923 2796 unanimi
936 2734 1122 2811 voluntati,
1146 2734 1283 2799 obsides
1310 2756 1373 2819 po-

427 2832 541 2914 poscit
554 2832 733 2915 sigillatim
748 2832 792 2895 ab
807 2832 861 2896 his
878 2834 938 2916 qui
951 2834 1137 2916 optimates
1154 2834 1374 2915 videbantur,

427 2952 543 2996 secum
567 2934 604 2996 in
634 2932 885 2997 Normanniam
913 2932 1098 3011 ducendos
1118 2934 1294 3017 vadesque
1320 2936 1375 2999 fu-

427 3039 523 3097 turos
536 3040 607 3098 tam
626 3033 744 3096 comiti
755 3030 1001 3114 andegavensi
1013 3026 1135 3117 ²quam
1151 3034 1374 3117 imperatrici,

426 3132 518 3213 quod
541 3151 659 3197 omnes
671 3132 804 3217 junctis
826 3132 1032 3197 umbonibus
1053 3134 1097 3197 ab
1119 3152 1172 3211 ea,
1194 3134 1276 3198 dum
1298 3136 1373 3218 ipse

426 3233 574 3310 abesset,
587 3233 731 3317 injurias
747 3232 1000 3315 propulsarent,
1013 3226 1164 3298 ³vicibus
1184 3234 1256 3298 suis
1278 3235 1373 3317 apud
1481 3268 1486 3279 ·

427 3330 627 3396 Oxenelord
643 3338 831 3395 manentes.
864 3330 1104 3397 Acclamatum
1114 3320 1168 3398 est
1178 3336 1373 3414 sententiae,

425 3432 567 3516 datique
583 3432 719 3496 obsides
735 3432 988 3496 Normanniam
1003 3432 1162 3497 ducendi.

425 3597 599 3655 QUOMODO
622 3598 739 3645 OOMES
753 3597 1030 3647 ANDEGAVENSIS
1046 3598 1203 3647 AUXILIO
1226 3600 1372 3649 OOMl'l'IS

474 3696 715 3745 GLOEOES'l'RAE
737 3698 859 3745 DECEM
879 3690 1062 3745 cassanha
1086 3698 1125 3746 ΙΝ
1147 3699 1371 3749 NORMANNIA

475 3796 640 3845 OllPllRl'l'.

260 3893 409 3977 ΗΜΘΝ,
475 3904 564 3989 §70.
589 3904 765 3969 Robertus
790 3924 873 3987 ergo
886 3903 1095 3969 valefaciens
1121 3906 1244 3985 sorori,
1258 3905 1370 3971 ductis

459 4095 662 4162 Ὕσμωνα]
688 4099 720 4147 Ε.
743 4099 818 4159 1,2.;
847 4113 886 4147 rc·

420 4180 580 4230 cognoscere,
591 4167 619 4218 S.
632 4169 667 4217 D.
945 4164 1091 4231 wotene]
1115 4170 1150 4220 D.
1169 4169 1202 4220 E.
1220 4170 1290 4232 La.;
1312 4172 1370 4221 viri·

464 4235 594 4300 'Qanm.]
632 4240 666 4289 Ε.
693 4239 769 4299 [ὡς
807 4253 883 4299 quarn
909 4238 1006 4300 buna

419 4308 504 4370 etiam,
516 4308 545 4358 S.
557 4308 592 4357 D.
