3100 5050
416 493 481 558 504
639 507 751 557 onera
777 506 904 554 ancon
929 506 1140 556 anctorum.
1222 491 1308 572 [nra
1324 507 1370 553 rv.

420 668 470 732 ita
491 664 601 748 possit
622 663 689 728 dici
712 665 805 746 quod
831 665 947 728 anima
962 663 1051 728 Julii
1066 663 1218 728 Caesaris
1244 665 1372 728 transi·

422 767 488 832 erit
501 767 538 829 in
552 784 667 847 regem
683 765 908 830 willelmum.

476 866 581 951 §32L
593 865 711 930 Unum
728 865 923 942 aedificium,
935 872 971 929 et
985 865 1098 948 ipsum
1108 866 1375 948 permaximum,

425 961 578 1032 idomum
594 967 630 1030 in
647 965 829 1031 Londonia
843 965 973 1049 incepit
988 973 1024 1029 et
1038 965 1195 1048 perfecit,
1208 987 1280 1031 non
1295 985 1376 1049 par-

426 1087 508 1132 cens
524 1067 688 1150 expensis
701 1067 888 1131 dummodo
903 1066 1121 1130 liberalitatis
1143 1085 1216 1130 suae
1239 1067 1376 1149 magni-

427 1168 601 1232 ficentiam
627 1166 827 1245 exhiberet3
861 1174 898 1230 et
927 1186 1039 1230 mores
1061 1165 1199 1248 quidem
1227 1167 1305 1252 ejus
1333 1187 1378 1230 ex

428 1268 494 1346 his,
521 1287 599 1351 quae
625 1266 788 1345 diximus,
810 1266 1084 1331 animadvertere
1104 1266 1234 1348 poterit
1256 1269 1378 1333 lector.

267 1384 399 1476 nescirpuop
427 1369 468 1434 Si
489 1368 567 1451 quis
585 1386 666 1432 vero
688 1367 862 1432 desiderat
882 1369 970 1432 scire
991 1367 1145 1449 corporis
1167 1367 1244 1451 ejus
1266 1368 1380 1449 quali·

265 1438 406 1539 lidan-'m'
430 1476 551 1546 tatem,
575 1468 712 1532 noverit
727 1487 806 1532 eum
828 1467 934 1531 fnisse
955 1486 1099 1549 corpore
1113 1467 1298 1548 quadrato,
1321 1488 1380 1532 co-

430 1570 502 1634 lore
519 1567 608 1645 ruso,
624 1567 717 1631 crine
740 1567 912 1643 subflavo,
923 1566 1036 1632 fronte
1059 1565 1262 1645 fenestrata,
1277 1568 1380 1632 oculo

432 1670 541 1746 varic,
580 1667 787 1751 quibusdam
826 1668 1124 1731 intermicantibus
1160 1669 1270 1749 guttis
1310 1668 1380 1732 dis-

432 1770 564 1847 tincto;
587 1768 763 1850 praecipuo
780 1769 913 1844 robore,
930 1786 1129 1850 quanquam
1149 1787 1218 1832 non
1243 1787 1380 1850 magnae
1401 1809 1404 1815 ,

433 1876 590 1945 staturae,
607 1876 642 1932 et
654 1874 773 1932 ventre
790 1867 895 1949 paulo
910 1867 1128 1952 projectiore.
1161 1868 1381 1951 Eloquentiae

434 1969 550 2046 nullae,
576 1968 637 2032 sed
666 1968 853 2032 titubantia
873 1968 1002 2049 linguae
1028 1967 1203 2044 notabilis,
1230 1970 1382 2032 maxime

271 2089 413 2131 nemereus
434 2090 512 2134 cum
536 2069 589 2132 ira
616 2075 859 2132 succresceret.
911 2067 1020 2132 Plura
1049 2069 1180 2132 subeo
1205 2069 1324 2133 subita
1348 2076 1383 2133 et

271 2150 406 2252 lollii?
433 2169 550 2234 tristia
563 2168 869 2251 acciderunt,'quae
886 2169 1088 2250 singulatim
1105 2187 1167 2250 per
1181 2187 1291 2232 annos
1306 2169 1382 2252 ejus

270 2253 337 2292 ‘⁰¹³⁰'
434 2270 641 2351 digeremus
670 2268 811 2332 veritati
846 2268 997 2332 maxime
1030 2266 1219 2332 secundum
1246 2269 1384 2333 chroni-

434 2389 552 2435 corum
568 2368 669 2432 fidem
686 2368 924 2432 inservientes.

272 2491 396 2532 annon.
487 2468 594 2553 5322.
617 2467 777 2533 Secundo
801 2487 894 2533 anno
916 2468 1013 2551 regni
1036 2468 1113 2553 ejus
1140 2475 1242 2535 terrae
1270 2476 1385 2535 motus

271 2544 368 2592 ω’
435 2572 557 2652 ingens
574 2576 686 2633 totam
707 2566 873 2651 Angliam
895 2570 1064 2633 exterruit
1085 2570 1190 2634 tertio
1211 2571 1291 2635 idus
1309 2569 1384 2636 Au-

434 2671 541 2753 gusti,
555 2669 726 2733 horrendo
748 2669 927 2746 miraculo,
943 2676 983 2733 ut
997 2669 1144 2733 aedificia
1160 2671 1278 2735 omnia
1299 2673 1384 2735 erni-

434 2788 500 2834 nus
525 2769 707 2846 resilirent,
727 2776 762 2833 et
785 2789 868 2833 mox
891 2769 1038 2851 pristino
1062 2789 1157 2833 more
1182 2771 1384 2835 residerent.

435 2870 564 2936 Secuta
579 2877 633 2933 est
654 2869 771 2951 inopia
784 2862 1162 2950 ²omniumtructuum3
1186 2870 1288 2935 tarda
1309 2890 1384 2935 ma·

437 2972 563 3035 turitas
580 2970 729 3051 frugum,
745 2975 785 3032 ut
801 2970 863 3033 vix
885 2970 930 3033 ad
952 2969 1079 3033 festum
1103 2971 1219 3035 sancti
1232 2969 1385 3035 Andreae

438 3090 568 3135 messes
584 3068 861 3135 reconderentur.

275 3192 399 3282 &apa
490 3169 599 3252 5323.
623 3166 760 3248 Quarto
775 3188 868 3232 anno
885 3171 1053 3235 tumultus
1068 3171 1256 3254 fulgurum,
1273 3181 1389 3238 motus

318 3270 322 3281 '
359 3269 364 3281 '
433 3269 614 3333 turbinum
629 3290 638 3348 ;
665 3269 814 3353 denique
827 3270 906 3333 idus
923 3270 1084 3335 Octobris
1100 3273 1193 3354 apud
1208 3274 1388 3339 Wincbel·

434 3368 598 3441 ,cumbam
621 3368 718 3449 ictus,
736 3370 780 3433 de
797 3370 887 3433 coelo
909 3371 1055 3433 emissus
1081 3372 1175 3436 latus
1193 3374 1301 3437 turris
1324 3374 1390 3436 im·

439 3468 531 3552 pulit
545 3476 644 3533 tanta
659 3469 706 3545 vi,
729 3475 781 3545 ut,
803 3469 985 3534 debilitata
1006 3472 1157 3535 maceria
1176 3473 1214 3536 in
1238 3472 1390 3539 confinio

440 3569 536 3645 tecti,
549 3569 671 3650 ingens
687 3568 842 3633 foramen
858 3568 901 3631 ad
917 3570 1055 3634 modurn
1078 3571 1239 3637 humanae
1262 3574 1393 3655 grossi-

439 3669 569 3734 tudinis
592 3668 793 3751 aperiretur.
846 3668 901 3731 Ibi
922 3670 1100 3751 ingressus
1122 3674 1256 3737 trabem
1279 3674 1392 3737 maxi·

486 3892 618 3943 ¹Domum
644 3894 670 3943 iu
688 3894 813 3943 Loncium
839 3894 903 3942 ince-
928 3895 1011 3944 called
1030 3896 1082 3945 ‘the
1104 3898 1191 3947 white
1215 3898 1316 3963 Tower,
1338 3916 1394 3952 was

437 3964 499 4029 pit]
517 3965 542 4013 lt
559 3964 606 4013 has
628 3965 692 4013 been
711 3964 821 4013 inferred
840 3964 903 4013 from
928 3968 1088 4015 commenced
1109 3969 1145 4030 by
1165 3968 1210 4017 the
1237 3970 1395 4033 Conqueror,

439 4036 491 4085 this
517 4048 626 4096 passage
648 4035 703 4084 that
729 4035 905 4096 Malmesbury
928 4038 979 4084 and
990 4038 1095 4086 linisbed
1108 4039 1142 4100 by
1154 4038 1248 4102 Rufus,
1259 4042 1393 4091 underthe

440 4109 519 4154 states
537 4103 579 4152 the
590 4103 681 4154 Tower
691 4104 720 4153 of
734 4104 838 4153 London
849 4120 904 4154 was
928 4108 1155 4167 superintendence
1188 4108 1217 4157 oi
1248 4111 1393 4173 Gundulph

441 4176 506 4223 built
521 4176 556 4235 by
566 4174 679 4223 William
693 4174 786 4225 Rufus.
821 4175 903 4225 There
927 4177 1059 4238 bishopos
1068 4177 1214 4228 Rechester.

441 4258 559 4306 appears,
580 4244 706 4305 however,
733 4244 798 4294 little
823 4246 903 4295 doubt
962 4244 1121 4309 'Omnium.]
1139 4247 1172 4295 l.
1191 4249 1220 4298 S.
1240 4252 1391 4301 awa.

440 4315 496 4363 that
506 4314 548 4361 the
564 4314 689 4376 principal
708 4314 834 4377 building,
844 4331 902 4364 now
927 4316 975 4379 L.;
993 4318 1096 4365 omitted
1107 4318 1134 4364 in
1146 4319 1170 4365 Ε
1179 4322 1202 4368 1.
