<?xml version="1.0" encoding="UTF-8"?>
<!DOCTYPE html PUBLIC "-//W3C//DTD XHTML 1.0 Transitional//EN"
    "http://www.w3.org/TR/xhtml1/DTD/xhtml1-transitional.dtd">
<html xmlns="http://www.w3.org/1999/xhtml" xml:lang="en" lang="en">
 <head>
  <title>
</title>
<meta http-equiv="Content-Type" content="text/html;charset=utf-8" />
  <meta name='ocr-system' content='tesseract 3.04.00' />
  <meta name='ocr-capabilities' content='ocr_page ocr_carea ocr_par ocr_line ocrx_word'/>
</head>
<body>
  <div class='ocr_page' id='page_1' title='image "./willelmimalmesb02willgoog_0048.png"; bbox 0 0 3100 5050; ppageno 0'>
   <div class='ocr_carea' id='block_1_1' title="bbox 407 467 1358 550">
    <p class='ocr_par' dir='ltr' id='par_1_1' title="bbox 407 467 1358 550">
     <span class='ocr_line' id='line_1_1' title="bbox 407 467 1358 550; baseline -0.011 -11"><span class='ocrx_word' id='word_1_1' title='bbox 407 469 473 539; x_wconf 74' lang='lat'><strong>428</strong></span> <span class='ocrx_word' id='word_1_2' title='bbox 621 484 735 534; x_wconf 74' lang='lat' dir='ltr'><strong>ansus</strong></span> <span class='ocrx_word' id='word_1_3' title='bbox 758 485 885 534; x_wconf 82' lang='lat' dir='ltr'><strong>arcun</strong></span> <span class='ocrx_word' id='word_1_4' title='bbox 909 483 1124 533; x_wconf 75' lang='lat' dir='ltr'><strong>suonoauu.</strong></span> <span class='ocrx_word' id='word_1_5' title='bbox 1202 467 1358 550; x_wconf 77' lang='lat' dir='ltr'><strong>[marn.</strong></span> 
     </span>
    </p>
   </div>
   <div class='ocr_carea' id='block_1_2' title="bbox 145 640 1401 3312">
    <p class='ocr_par' dir='ltr' id='par_1_2' title="bbox 409 640 1359 725">
     <span class='ocr_line' id='line_1_2' title="bbox 409 640 1359 725; baseline -0.005 -19"><span class='ocrx_word' id='word_1_6' title='bbox 409 642 501 725; x_wconf 86' lang='lat' dir='ltr'><strong>regis</strong></span> <span class='ocrx_word' id='word_1_7' title='bbox 524 642 697 707; x_wconf 92' lang='lat' dir='ltr'><strong>connubio</strong></span> <span class='ocrx_word' id='word_1_8' title='bbox 719 642 925 725; x_wconf 88' lang='lat' dir='ltr'><strong>privataque</strong></span> <span class='ocrx_word' id='word_1_9' title='bbox 941 641 1095 706; x_wconf 88' lang='lat' dir='ltr'><strong>amicitia</strong></span> <span class='ocrx_word' id='word_1_10' title='bbox 1110 640 1272 716; x_wconf 88' lang='lat' dir='ltr'><strong>donatus,</strong></span> <span class='ocrx_word' id='word_1_11' title='bbox 1289 658 1359 702; x_wconf 92' lang='lat' dir='ltr'><strong>non</strong></span> 
     </span>
    </p>

    <p class='ocr_par' dir='ltr' id='par_1_3' title="bbox 410 739 1360 826">
     <span class='ocr_line' id='line_1_3' title="bbox 410 739 1360 826; baseline -0.002 -22"><span class='ocrx_word' id='word_1_12' title='bbox 410 742 599 826; x_wconf 82' lang='lat' dir='ltr'>permansit</span> <span class='ocrx_word' id='word_1_13' title='bbox 614 742 651 805; x_wconf 92' lang='lat' dir='ltr'><strong>in</strong></span> <span class='ocrx_word' id='word_1_14' title='bbox 667 740 747 820; x_wconf 89' lang='lat' dir='ltr'><strong>fide,</strong></span> <span class='ocrx_word' id='word_1_15' title='bbox 760 761 908 824; x_wconf 86' lang='lat' dir='ltr'><strong>pravum</strong></span> <span class='ocrx_word' id='word_1_16' title='bbox 928 741 1103 824; x_wconf 80' lang='lat' dir='ltr'>ingenium</span> <span class='ocrx_word' id='word_1_17' title='bbox 1119 739 1278 804; x_wconf 89' lang='lat' dir='ltr'><strong>cohibere</strong></span> <span class='ocrx_word' id='word_1_18' title='bbox 1295 739 1360 802; x_wconf 91' lang='lat' dir='ltr'><strong>im·</strong></span> 
     </span>
    </p>

    <p class='ocr_par' dir='ltr' id='par_1_4' title="bbox 410 839 1359 924">
     <span class='ocr_line' id='line_1_4' title="bbox 410 839 1359 924; baseline -0.004 -18"><span class='ocrx_word' id='word_1_19' title='bbox 410 849 555 924; x_wconf 89' lang='lat' dir='ltr'><strong>potens:</strong></span> <span class='ocrx_word' id='word_1_20' title='bbox 583 842 821 922; x_wconf 81' lang='lat' dir='ltr'><strong>compatriotis</strong></span> <span class='ocrx_word' id='word_1_21' title='bbox 845 841 937 905; x_wconf 91' lang='lat' dir='ltr'><strong>enim</strong></span> <span class='ocrx_word' id='word_1_22' title='bbox 958 842 1130 917; x_wconf 86' lang='lat' dir='ltr'><strong>omnibus,</strong></span> <span class='ocrx_word' id='word_1_23' title='bbox 1152 839 1212 921; x_wconf 90' lang='lat' dir='ltr'><strong>qni</strong></span> <span class='ocrx_word' id='word_1_24' title='bbox 1237 839 1359 904; x_wconf 85' lang='lat' dir='ltr'><strong>existi-</strong></span> 
     </span>
    </p>

    <p class='ocr_par' dir='ltr' id='par_1_5' title="bbox 410 939 1361 1024">
     <span class='ocr_line' id='line_1_5' title="bbox 410 939 1361 1024; baseline -0.003 -20"><span class='ocrx_word' id='word_1_25' title='bbox 410 947 548 1006; x_wconf 88' lang='lat' dir='ltr'><strong>marant</strong></span> <span class='ocrx_word' id='word_1_26' title='bbox 563 940 804 1017; x_wconf 89' lang='lat' dir='ltr'><strong>resistendum,</strong></span> <span class='ocrx_word' id='word_1_27' title='bbox 819 940 919 1004; x_wconf 74' lang='lat' dir='ltr'><strong>eaesis</strong></span> <span class='ocrx_word' id='word_1_28' title='bbox 933 940 989 1005; x_wconf 91' lang='lat' dir='ltr'><strong>vel</strong></span> <span class='ocrx_word' id='word_1_29' title='bbox 1005 939 1184 1024; x_wconf 88' lang='lat' dir='ltr'><strong>subjectis,</strong></span> <span class='ocrx_word' id='word_1_30' title='bbox 1202 939 1307 1002; x_wconf 88' lang='lat' dir='ltr'><strong>etiam</strong></span> <span class='ocrx_word' id='word_1_31' title='bbox 1323 939 1361 1001; x_wconf 92' lang='lat' dir='ltr'><strong>in</strong></span> 
     </span>
    </p>

    <p class='ocr_par' dir='ltr' id='par_1_6' title="bbox 253 1032 1360 1122">
     <span class='ocr_line' id='line_1_6' title="bbox 253 1032 1360 1122; baseline -0.005 -16"><span class='ocrx_word' id='word_1_32' title='bbox 253 1057 308 1098; x_wconf 69' lang='lat' dir='ltr'><strong>av·</strong></span> <span class='ocrx_word' id='word_1_33' title='bbox 320 1056 375 1098; x_wconf 72' lang='lat'>¹⁰⁷⁴.</span> <span class='ocrx_word' id='word_1_34' title='bbox 413 1040 553 1106; x_wconf 86' lang='lat' dir='ltr'><strong>Radulfi</strong></span> <span class='ocrx_word' id='word_1_35' title='bbox 570 1040 613 1103; x_wconf 87' lang='lat' dir='ltr'><strong>de</strong></span> <span class='ocrx_word' id='word_1_36' title='bbox 621 1039 754 1104; x_wconf 88' lang='lat' dir='ltr'><strong>Wahcr</strong></span> <span class='ocrx_word' id='word_1_37' title='bbox 769 1039 915 1122; x_wconf 87' lang='lat' dir='ltr'><strong>perfidia</strong></span> <span class='ocrx_word' id='word_1_38' title='bbox 928 1058 966 1103; x_wconf 88' lang='lat' dir='ltr'><strong>se</strong></span> <span class='ocrx_word' id='word_1_39' title='bbox 979 1039 1179 1116; x_wconf 80' lang='lat' dir='ltr'><strong>immiscuit,</strong></span> <span class='ocrx_word' id='word_1_40' title='bbox 1188 1032 1261 1102; x_wconf 87' lang='lat' dir='ltr'><strong>¹sed</strong></span> <span class='ocrx_word' id='word_1_41' title='bbox 1278 1057 1360 1102; x_wconf 89' lang='lat' dir='ltr'><strong>con-</strong></span> 
     </span>
    </p>

    <p class='ocr_par' dir='ltr' id='par_1_7' title="bbox 406 1138 1361 1225">
     <span class='ocr_line' id='line_1_7' title="bbox 406 1138 1361 1225; baseline -0.004 -21"><span class='ocrx_word' id='word_1_42' title='bbox 406 1140 585 1225; x_wconf 86' lang='lat' dir='ltr'><strong>juratione</strong></span> <span class='ocrx_word' id='word_1_43' title='bbox 613 1139 763 1217; x_wconf 84' lang='lat' dir='ltr'><strong>detecta,</strong></span> <span class='ocrx_word' id='word_1_44' title='bbox 784 1139 1052 1223; x_wconf 88' lang='lat' dir='ltr'><strong>comprehensus</strong></span> <span class='ocrx_word' id='word_1_45' title='bbox 1074 1138 1202 1221; x_wconf 91' lang='lat' dir='ltr'><strong>diuque</strong></span> <span class='ocrx_word' id='word_1_46' title='bbox 1226 1138 1262 1200; x_wconf 90' lang='lat' dir='ltr'><strong>in</strong></span> <span class='ocrx_word' id='word_1_47' title='bbox 1284 1138 1361 1202; x_wconf 92' lang='lat' dir='ltr'><strong>vin·</strong></span> 
     </span>
    </p>

    <p class='ocr_par' dir='ltr' id='par_1_8' title="bbox 252 1236 1362 1321">
     <span class='ocr_line' id='line_1_8' title="bbox 252 1236 1362 1321; baseline -0.002 -17"><span class='ocrx_word' id='word_1_48' title='bbox 252 1255 306 1295; x_wconf 65' lang='lat' dir='ltr'><strong>nn.</strong></span> <span class='ocrx_word' id='word_1_49' title='bbox 318 1254 374 1296; x_wconf 81' lang='lat'><strong>1⁰⁷⁵.</strong></span> <span class='ocrx_word' id='word_1_50' title='bbox 410 1239 498 1304; x_wconf 88' lang='lat' dir='ltr'><strong>culis</strong></span> <span class='ocrx_word' id='word_1_51' title='bbox 523 1245 651 1316; x_wconf 87' lang='lat' dir='ltr'><strong>tentus,</strong></span> <span class='ocrx_word' id='word_1_52' title='bbox 679 1239 804 1304; x_wconf 89' lang='lat' dir='ltr'><strong>ultimo</strong></span> <span class='ocrx_word' id='word_1_53' title='bbox 833 1238 1003 1321; x_wconf 89' lang='lat' dir='ltr'><strong>spoliatus</strong></span> <span class='ocrx_word' id='word_1_54' title='bbox 1031 1238 1158 1321; x_wconf 87' lang='lat' dir='ltr'><strong>capite,</strong></span> <span class='ocrx_word' id='word_1_55' title='bbox 1185 1236 1362 1302; x_wconf 78' lang='lat' dir='ltr'>crolando</span> 
     </span>
    </p>

    <p class='ocr_par' dir='ltr' id='par_1_9' title="bbox 410 1331 1362 1423">
     <span class='ocr_line' id='line_1_9' title="bbox 410 1331 1362 1423; baseline -0.007 -16"><span class='ocrx_word' id='word_1_56' title='bbox 410 1331 569 1423; x_wconf 72' lang='lat' dir='ltr'><strong>sepultus</strong></span> <span class='ocrx_word' id='word_1_57' title='bbox 582 1346 656 1419; x_wconf 82' lang='lat' dir='ltr'><strong>est3</strong></span> <span class='ocrx_word' id='word_1_58' title='bbox 680 1338 839 1421; x_wconf 88' lang='lat' dir='ltr'><strong>quamvis</strong></span> <span class='ocrx_word' id='word_1_59' title='bbox 853 1338 993 1421; x_wconf 88' lang='lat' dir='ltr'><strong>quidam</strong></span> <span class='ocrx_word' id='word_1_60' title='bbox 1007 1336 1137 1414; x_wconf 91' lang='lat' dir='ltr'><strong>dicant,</strong></span> <span class='ocrx_word' id='word_1_61' title='bbox 1155 1337 1362 1404; x_wconf 88' lang='lat' dir='ltr'><strong>necessitate</strong></span> 
     </span>
    </p>

    <p class='ocr_par' dir='ltr' id='par_1_10' title="bbox 410 1436 1360 1522">
     <span class='ocr_line' id='line_1_10' title="bbox 410 1436 1360 1522; baseline -0.006 -15"><span class='ocrx_word' id='word_1_62' title='bbox 410 1441 651 1522; x_wconf 85' lang='lat' dir='ltr'><strong>interceptum,</strong></span> <span class='ocrx_word' id='word_1_63' title='bbox 682 1458 752 1502; x_wconf 93' lang='lat' dir='ltr'><strong>non</strong></span> <span class='ocrx_word' id='word_1_64' title='bbox 782 1438 963 1503; x_wconf 82' lang='lat' dir='ltr'><strong>voluntate</strong></span> <span class='ocrx_word' id='word_1_65' title='bbox 996 1436 1185 1515; x_wconf 88' lang='lat' dir='ltr'><strong>addietum,</strong></span> <span class='ocrx_word' id='word_1_66' title='bbox 1213 1436 1360 1502; x_wconf 90' lang='lat' dir='ltr'><strong>infideli-</strong></span> 
     </span>
    </p>

    <p class='ocr_par' dir='ltr' id='par_1_11' title="bbox 411 1534 1362 1619">
     <span class='ocr_line' id='line_1_11' title="bbox 411 1534 1362 1619; baseline -0.003 -15"><span class='ocrx_word' id='word_1_67' title='bbox 411 1541 496 1604; x_wconf 88' lang='lat' dir='ltr'><strong>tatis</strong></span> <span class='ocrx_word' id='word_1_68' title='bbox 517 1545 772 1603; x_wconf 87' lang='lat' dir='ltr'><strong>sacramentum</strong></span> <span class='ocrx_word' id='word_1_69' title='bbox 791 1538 956 1619; x_wconf 82' lang='lat' dir='ltr'><strong>agitasse.</strong></span> <span class='ocrx_word' id='word_1_70' title='bbox 1009 1534 1203 1618; x_wconf 81' lang='lat' dir='ltr'><strong>Anglorum</strong></span> <span class='ocrx_word' id='word_1_71' title='bbox 1221 1542 1276 1601; x_wconf 91' lang='lat' dir='ltr'><strong>est</strong></span> <span class='ocrx_word' id='word_1_72' title='bbox 1291 1536 1362 1601; x_wconf 86' lang='lat' dir='ltr'><strong>ista</strong></span> 
     </span>
    </p>

    <p class='ocr_par' dir='ltr' id='par_1_12' title="bbox 412 1629 1360 1718">
     <span class='ocr_line' id='line_1_12' title="bbox 412 1629 1360 1718; baseline -0.004 -15"><span class='ocrx_word' id='word_1_73' title='bbox 412 1638 611 1718; x_wconf 80' lang='lat' dir='ltr'><strong>excusati03</strong></span> <span class='ocrx_word' id='word_1_74' title='bbox 635 1656 716 1701; x_wconf 92' lang='lat' dir='ltr'><strong>nam</strong></span> <span class='ocrx_word' id='word_1_75' title='bbox 729 1644 857 1702; x_wconf 87' lang='lat' dir='ltr'><strong>caetera</strong></span> <span class='ocrx_word' id='word_1_76' title='bbox 874 1636 1069 1700; x_wconf 89' lang='lat' dir='ltr'><strong>Normanni</strong></span> <span class='ocrx_word' id='word_1_77' title='bbox 1081 1629 1271 1714; x_wconf 86' lang='lat' dir='ltr'><strong>²asserunt,</strong></span> <span class='ocrx_word' id='word_1_78' title='bbox 1288 1634 1360 1700; x_wconf 66' lang='grc' dir='ltr'><strong>ΑΠ’-</strong></span> 
     </span>
    </p>

    <p class='ocr_par' dir='ltr' id='par_1_13' title="bbox 412 1733 1361 1820">
     <span class='ocr_line' id='line_1_13' title="bbox 412 1733 1361 1820; baseline -0.002 -18"><span class='ocrx_word' id='word_1_79' title='bbox 412 1739 548 1820; x_wconf 81' lang='lat' dir='ltr'><strong>giorum</strong></span> <span class='ocrx_word' id='word_1_80' title='bbox 572 1737 633 1820; x_wconf 91' lang='lat' dir='ltr'><strong>qui</strong></span> <span class='ocrx_word' id='word_1_81' title='bbox 657 1737 844 1819; x_wconf 87' lang='lat' dir='ltr'><strong>plurimum</strong></span> <span class='ocrx_word' id='word_1_82' title='bbox 865 1743 1043 1818; x_wconf 78' lang='lat' dir='ltr'><strong>praestent.</strong></span> <span class='ocrx_word' id='word_1_83' title='bbox 1095 1733 1253 1814; x_wconf 84' lang='lat' dir='ltr'><strong>Quorum</strong></span> <span class='ocrx_word' id='word_1_84' title='bbox 1275 1737 1361 1800; x_wconf 92' lang='lat' dir='ltr'><strong>asti-</strong></span> 
     </span>
    </p>

    <p class='ocr_par' dir='ltr' id='par_1_14' title="bbox 323 1834 1362 1920">
     <span class='ocr_line' id='line_1_14' title="bbox 323 1834 1362 1920; baseline -0.001 -19"><span class='ocrx_word' id='word_1_85' title='bbox 323 1879 332 1889; x_wconf 75' lang='lat'><em>-</em></span> <span class='ocrx_word' id='word_1_86' title='bbox 411 1837 582 1920; x_wconf 89' lang='lat' dir='ltr'><strong>pulationi</strong></span> <span class='ocrx_word' id='word_1_87' title='bbox 604 1836 782 1901; x_wconf 77' lang='lat' dir='ltr'><strong>Divinitas</strong></span> <span class='ocrx_word' id='word_1_88' title='bbox 809 1835 992 1918; x_wconf 86' lang='lat' dir='ltr'><strong>suffragari</strong></span> <span class='ocrx_word' id='word_1_89' title='bbox 1014 1834 1163 1912; x_wconf 90' lang='lat' dir='ltr'><strong>videtur,</strong></span> <span class='ocrx_word' id='word_1_90' title='bbox 1193 1835 1362 1900; x_wconf 88' lang='lat' dir='ltr'><strong>miracula</strong></span> 
     </span>
    </p>

    <p class='ocr_par' dir='ltr' id='par_1_15' title="bbox 412 1934 1362 2022">
     <span class='ocr_line' id='line_1_15' title="bbox 412 1934 1362 2022; baseline -0.001 -22"><span class='ocrx_word' id='word_1_91' title='bbox 412 1937 534 2014; x_wconf 92' lang='lat' dir='ltr'><strong>multa,</strong></span> <span class='ocrx_word' id='word_1_92' title='bbox 549 1943 584 2000; x_wconf 89' lang='lat' dir='ltr'><strong>et</strong></span> <span class='ocrx_word' id='word_1_93' title='bbox 601 1955 643 1999; x_wconf 90' lang='lat' dir='ltr'><strong>ea</strong></span> <span class='ocrx_word' id='word_1_94' title='bbox 659 1937 886 2019; x_wconf 84' lang='lat' dir='ltr'><strong>permaxima,</strong></span> <span class='ocrx_word' id='word_1_95' title='bbox 903 1934 948 1999; x_wconf 88' lang='lat' dir='ltr'><strong>ad</strong></span> <span class='ocrx_word' id='word_1_96' title='bbox 965 1935 1119 2022; x_wconf 84' lang='lat' dir='ltr'><strong>tumbam</strong></span> <span class='ocrx_word' id='word_1_97' title='bbox 1134 1935 1228 1999; x_wconf 89' lang='lat' dir='ltr'><strong>illius</strong></span> <span class='ocrx_word' id='word_1_98' title='bbox 1244 1944 1362 2000; x_wconf 91' lang='lat' dir='ltr'><strong>osten-</strong></span> 
     </span>
    </p>

    <p class='ocr_par' dir='ltr' id='par_1_16' title="bbox 413 2034 1361 2118">
     <span class='ocr_line' id='line_1_16' title="bbox 413 2034 1361 2118; baseline 0.001 -19"><span class='ocrx_word' id='word_1_99' title='bbox 413 2035 509 2100; x_wconf 88' lang='lat' dir='ltr'><strong>dens.</strong></span> <span class='ocrx_word' id='word_1_100' title='bbox 560 2034 673 2101; x_wconf 83' lang='lat' dir='ltr'><strong>Aiunt</strong></span> <span class='ocrx_word' id='word_1_101' title='bbox 688 2035 792 2112; x_wconf 90' lang='lat' dir='ltr'><strong>enim,</strong></span> <span class='ocrx_word' id='word_1_102' title='bbox 811 2035 848 2098; x_wconf 92' lang='lat' dir='ltr'><strong>in</strong></span> <span class='ocrx_word' id='word_1_103' title='bbox 865 2042 1008 2099; x_wconf 87' lang='lat' dir='ltr'><strong>catenas</strong></span> <span class='ocrx_word' id='word_1_104' title='bbox 1022 2034 1230 2118; x_wconf 87' lang='lat' dir='ltr'><strong>conjectum,</strong></span> <span class='ocrx_word' id='word_1_105' title='bbox 1243 2036 1361 2117; x_wconf 90' lang='lat' dir='ltr'><strong>quoti·</strong></span> 
     </span>
    </p>

    <p class='ocr_par' dir='ltr' id='par_1_17' title="bbox 414 2133 1310 2220">
     <span class='ocr_line' id='line_1_17' title="bbox 414 2133 1310 2220; baseline 0 -21"><span class='ocrx_word' id='word_1_106' title='bbox 414 2136 526 2206; x_wconf 87' lang='lat' dir='ltr'><strong>dianis</strong></span> <span class='ocrx_word' id='word_1_107' title='bbox 540 2135 943 2220; x_wconf 86' lang='lat' dir='ltr'><strong>singultibusperperam</strong></span> <span class='ocrx_word' id='word_1_108' title='bbox 958 2135 1142 2199; x_wconf 81' lang='lat' dir='ltr'><strong>commissa</strong></span> <span class='ocrx_word' id='word_1_109' title='bbox 1156 2133 1310 2199; x_wconf 87' lang='lat' dir='ltr'><strong>diluisse.</strong></span> 
     </span>
    </p>

    <p class='ocr_par' dir='ltr' id='par_1_18' title="bbox 252 2233 1401 2331">
     <span class='ocr_line' id='line_1_18' title="bbox 252 2233 1401 2331; baseline -0.003 -31"><span class='ocrx_word' id='word_1_110' title='bbox 252 2240 404 2331; x_wconf 53' lang='lat' dir='ltr'><strong>ffllfflss*</strong></span> <span class='ocrx_word' id='word_1_111' title='bbox 466 2235 573 2319; x_wconf 63' lang='lat'><strong>§254</strong></span> <span class='ocrx_word' id='word_1_112' title='bbox 597 2235 685 2299; x_wconf 89' lang='lat' dir='ltr'><strong>Inde</strong></span> <span class='ocrx_word' id='word_1_113' title='bbox 705 2235 922 2317; x_wconf 90' lang='lat' dir='ltr'><strong>propositum</strong></span> <span class='ocrx_word' id='word_1_114' title='bbox 944 2233 1036 2315; x_wconf 86' lang='lat' dir='ltr'><strong>regis</strong></span> <span class='ocrx_word' id='word_1_115' title='bbox 1057 2233 1215 2298; x_wconf 79' lang='lat' dir='ltr'><strong>fortassis</strong></span> <span class='ocrx_word' id='word_1_116' title='bbox 1238 2235 1362 2299; x_wconf 90' lang='lat' dir='ltr'><strong>merito</strong></span> <span class='ocrx_word' id='word_1_117' title='bbox 1394 2288 1401 2297; x_wconf 90' lang='lat'><strong>.</strong></span> 
     </span>
    </p>

    <p class='ocr_par' dir='ltr' id='par_1_19' title="bbox 254 2302 1361 2442">
     <span class='ocr_line' id='line_1_19' title="bbox 254 2302 1361 2442; baseline 0 -44"><span class='ocrx_word' id='word_1_118' title='bbox 254 2302 370 2442; x_wconf 42' lang='lat' dir='ltr'><strong>ffilsgle</strong></span> <span class='ocrx_word' id='word_1_119' title='bbox 414 2341 613 2412; x_wconf 84' lang='lat' dir='ltr'><strong>excusatur,</strong></span> <span class='ocrx_word' id='word_1_120' title='bbox 637 2335 667 2397; x_wconf 90' lang='lat' dir='ltr'><strong>si</strong></span> <span class='ocrx_word' id='word_1_121' title='bbox 679 2333 873 2416; x_wconf 87' lang='lat' dir='ltr'><strong>aliquando</strong></span> <span class='ocrx_word' id='word_1_122' title='bbox 895 2332 1014 2398; x_wconf 89' lang='lat' dir='ltr'><strong>durior</strong></span> <span class='ocrx_word' id='word_1_123' title='bbox 1033 2333 1070 2396; x_wconf 92' lang='lat' dir='ltr'><strong>in</strong></span> <span class='ocrx_word' id='word_1_124' title='bbox 1087 2330 1224 2415; x_wconf 85' lang='lat' dir='ltr'><strong>Anglos</strong></span> <span class='ocrx_word' id='word_1_125' title='bbox 1245 2333 1361 2412; x_wconf 86' lang='lat' dir='ltr'><strong>fuerit,</strong></span> 
     </span>
    </p>

    <p class='ocr_par' dir='ltr' id='par_1_20' title="bbox 145 2431 1361 2518">
     <span class='ocr_line' id='line_1_20' title="bbox 145 2431 1361 2518; baseline 0.001 -22"><span class='ocrx_word' id='word_1_126' title='bbox 145 2445 148 2452; x_wconf 82' lang='grc'><em>·</em></span> <span class='ocrx_word' id='word_1_127' title='bbox 412 2434 505 2516; x_wconf 93' lang='lat' dir='ltr'><strong>quod</strong></span> <span class='ocrx_word' id='word_1_128' title='bbox 522 2453 611 2516; x_wconf 89' lang='lat' dir='ltr'><strong>pene</strong></span> <span class='ocrx_word' id='word_1_129' title='bbox 625 2433 759 2518; x_wconf 88' lang='lat' dir='ltr'><strong>nullum</strong></span> <span class='ocrx_word' id='word_1_130' title='bbox 775 2452 894 2496; x_wconf 90' lang='lat' dir='ltr'><strong>eorum</strong></span> <span class='ocrx_word' id='word_1_131' title='bbox 908 2431 1043 2497; x_wconf 88' lang='lat' dir='ltr'><strong>fidelem</strong></span> <span class='ocrx_word' id='word_1_132' title='bbox 1057 2433 1237 2496; x_wconf 89' lang='lat' dir='ltr'><strong>invenerit.</strong></span> <span class='ocrx_word' id='word_1_133' title='bbox 1271 2431 1361 2512; x_wconf 72' lang='lat' dir='ltr'><strong>Quae</strong></span> 
     </span>
    </p>

    <p class='ocr_par' dir='ltr' id='par_1_21' title="bbox 412 2533 1362 2617">
     <span class='ocr_line' id='line_1_21' title="bbox 412 2533 1362 2617; baseline 0 -19"><span class='ocrx_word' id='word_1_134' title='bbox 412 2554 468 2598; x_wconf 90' lang='lat' dir='ltr'><strong>res</strong></span> <span class='ocrx_word' id='word_1_135' title='bbox 481 2535 533 2598; x_wconf 90' lang='lat' dir='ltr'><strong>ita</strong></span> <span class='ocrx_word' id='word_1_136' title='bbox 546 2533 695 2598; x_wconf 88' lang='lat' dir='ltr'><strong>ferocem</strong></span> <span class='ocrx_word' id='word_1_137' title='bbox 709 2534 866 2597; x_wconf 88' lang='lat' dir='ltr'><strong>animum</strong></span> <span class='ocrx_word' id='word_1_138' title='bbox 889 2534 1156 2615; x_wconf 79' lang='lat' dir='ltr'><strong>exasperabant,</strong></span> <span class='ocrx_word' id='word_1_139' title='bbox 1178 2540 1218 2596; x_wconf 93' lang='lat' dir='ltr'><strong>ut</strong></span> <span class='ocrx_word' id='word_1_140' title='bbox 1238 2541 1362 2617; x_wconf 91' lang='lat' dir='ltr'><strong>poten·</strong></span> 
     </span>
    </p>

    <p class='ocr_par' dir='ltr' id='par_1_22' title="bbox 412 2633 1361 2716">
     <span class='ocr_line' id='line_1_22' title="bbox 412 2633 1361 2716; baseline 0 -18"><span class='ocrx_word' id='word_1_141' title='bbox 412 2635 519 2713; x_wconf 85' lang='lat' dir='ltr'><strong>tiores</strong></span> <span class='ocrx_word' id='word_1_142' title='bbox 546 2634 695 2716; x_wconf 87' lang='lat' dir='ltr'><strong>primum</strong></span> <span class='ocrx_word' id='word_1_143' title='bbox 725 2633 892 2715; x_wconf 87' lang='lat' dir='ltr'><strong>pecuniis,</strong></span> <span class='ocrx_word' id='word_1_144' title='bbox 917 2652 1001 2697; x_wconf 89' lang='lat' dir='ltr'><strong>mox</strong></span> <span class='ocrx_word' id='word_1_145' title='bbox 1032 2633 1146 2710; x_wconf 90' lang='lat' dir='ltr'><strong>terris,</strong></span> <span class='ocrx_word' id='word_1_146' title='bbox 1174 2633 1361 2698; x_wconf 91' lang='lat' dir='ltr'><strong>nonnullos</strong></span> 
     </span>
    </p>

    <p class='ocr_par' dir='ltr' id='par_1_23' title="bbox 413 2730 1361 2815">
     <span class='ocr_line' id='line_1_23' title="bbox 413 2730 1361 2815; baseline -0.001 -18"><span class='ocrx_word' id='word_1_147' title='bbox 413 2734 517 2798; x_wconf 88' lang='lat' dir='ltr'><strong>ctiam</strong></span> <span class='ocrx_word' id='word_1_148' title='bbox 530 2734 604 2797; x_wconf 90' lang='lat' dir='ltr'><strong>vita</strong></span> <span class='ocrx_word' id='word_1_149' title='bbox 615 2739 758 2797; x_wconf 83' lang='lat' dir='ltr'><strong>exueret</strong></span> <span class='ocrx_word' id='word_1_150' title='bbox 771 2752 780 2797; x_wconf 73' lang='grc' dir='ltr'>ε</span> <span class='ocrx_word' id='word_1_151' title='bbox 796 2732 880 2815; x_wconf 88' lang='lat' dir='ltr'><strong>quin</strong></span> <span class='ocrx_word' id='word_1_152' title='bbox 893 2733 999 2796; x_wconf 88' lang='lat' dir='ltr'><strong>etiam</strong></span> <span class='ocrx_word' id='word_1_153' title='bbox 1012 2730 1250 2796; x_wconf 84' lang='lat' dir='ltr'><strong>Gaesarianum</strong></span> <span class='ocrx_word' id='word_1_154' title='bbox 1261 2752 1361 2797; x_wconf 90' lang='lat' dir='ltr'><strong>secu-</strong></span> 
     </span>
    </p>

    <p class='ocr_par' dir='ltr' id='par_1_24' title="bbox 413 2829 1362 2915">
     <span class='ocr_line' id='line_1_24' title="bbox 413 2829 1362 2915; baseline 0.003 -20"><span class='ocrx_word' id='word_1_155' title='bbox 413 2839 471 2896; x_wconf 87' lang='lat' dir='ltr'><strong>tus</strong></span> <span class='ocrx_word' id='word_1_156' title='bbox 484 2832 674 2915; x_wconf 84' lang='lat' dir='ltr'><strong>ingenium,</strong></span> <span class='ocrx_word' id='word_1_157' title='bbox 693 2832 754 2915; x_wconf 91' lang='lat' dir='ltr'><strong>qui</strong></span> <span class='ocrx_word' id='word_1_158' title='bbox 772 2831 967 2897; x_wconf 87' lang='lat' dir='ltr'><strong>Germanos</strong></span> <span class='ocrx_word' id='word_1_159' title='bbox 982 2829 1194 2896; x_wconf 88' lang='lat' dir='ltr'><strong>inArdenna</strong></span> <span class='ocrx_word' id='word_1_160' title='bbox 1208 2834 1362 2898; x_wconf 85' lang='lat' dir='ltr'><strong>maxima</strong></span> 
     </span>
    </p>

    <p class='ocr_par' dir='ltr' id='par_1_25' title="bbox 413 2932 1361 3015">
     <span class='ocr_line' id='line_1_25' title="bbox 413 2932 1361 3015; baseline 0.001 -21"><span class='ocrx_word' id='word_1_161' title='bbox 413 2932 515 3015; x_wconf 83' lang='lat' dir='ltr'><strong>sylva</strong></span> <span class='ocrx_word' id='word_1_162' title='bbox 529 2933 678 3009; x_wconf 90' lang='lat' dir='ltr'><strong>abditos,</strong></span> <span class='ocrx_word' id='word_1_163' title='bbox 694 2939 730 2996; x_wconf 89' lang='lat' dir='ltr'><strong>et</strong></span> <span class='ocrx_word' id='word_1_164' title='bbox 751 2932 831 2996; x_wconf 90' lang='lat' dir='ltr'><strong>inde</strong></span> <span class='ocrx_word' id='word_1_165' title='bbox 855 2932 984 2996; x_wconf 81' lang='lat' dir='ltr'><strong>crebris</strong></span> <span class='ocrx_word' id='word_1_166' title='bbox 1006 2932 1244 3013; x_wconf 86' lang='lat' dir='ltr'><strong>eruptionibus</strong></span> <span class='ocrx_word' id='word_1_167' title='bbox 1260 2952 1361 2997; x_wconf 83' lang='lat' dir='ltr'><strong>exer-</strong></span> 
     </span>
    </p>

    <p class='ocr_par' dir='ltr' id='par_1_26' title="bbox 412 3030 1362 3113">
     <span class='ocr_line' id='line_1_26' title="bbox 412 3030 1362 3113; baseline 0.001 -18"><span class='ocrx_word' id='word_1_168' title='bbox 412 3032 519 3095; x_wconf 88' lang='lat' dir='ltr'><strong>citum</strong></span> <span class='ocrx_word' id='word_1_169' title='bbox 536 3051 642 3098; x_wconf 85' lang='lat' dir='ltr'><strong>suum</strong></span> <span class='ocrx_word' id='word_1_170' title='bbox 664 3030 869 3113; x_wconf 85' lang='lat' dir='ltr'><strong>affligentes,</strong></span> <span class='ocrx_word' id='word_1_171' title='bbox 891 3051 961 3095; x_wconf 91' lang='lat' dir='ltr'><strong>non</strong></span> <span class='ocrx_word' id='word_1_172' title='bbox 982 3050 1044 3113; x_wconf 88' lang='lat' dir='ltr'><strong>per</strong></span> <span class='ocrx_word' id='word_1_173' title='bbox 1066 3030 1243 3095; x_wconf 89' lang='lat' dir='ltr'><strong>Romanos</strong></span> <span class='ocrx_word' id='word_1_174' title='bbox 1265 3051 1362 3111; x_wconf 88' lang='lat' dir='ltr'><strong>snos,</strong></span> 
     </span>
    </p>

    <p class='ocr_par' dir='ltr' id='par_1_27' title="bbox 412 3130 1361 3213">
     <span class='ocr_line' id='line_1_27' title="bbox 412 3130 1361 3213; baseline 0.002 -20"><span class='ocrx_word' id='word_1_175' title='bbox 412 3130 472 3193; x_wconf 88' lang='lat' dir='ltr'><strong>sed</strong></span> <span class='ocrx_word' id='word_1_176' title='bbox 488 3149 551 3212; x_wconf 91' lang='lat' dir='ltr'><strong>per</strong></span> <span class='ocrx_word' id='word_1_177' title='bbox 565 3130 687 3194; x_wconf 86' lang='lat' dir='ltr'><strong>Gallos</strong></span> <span class='ocrx_word' id='word_1_178' title='bbox 702 3130 891 3195; x_wconf 87' lang='lat' dir='ltr'><strong>foederatos</strong></span> <span class='ocrx_word' id='word_1_179' title='bbox 904 3130 1040 3213; x_wconf 84' lang='lat' dir='ltr'><strong>expulit</strong></span> <span class='ocrx_word' id='word_1_180' title='bbox 1052 3150 1061 3208; x_wconf 83' lang='lat'><em>3</em></span> <span class='ocrx_word' id='word_1_181' title='bbox 1077 3137 1129 3207; x_wconf 90' lang='lat' dir='ltr'><strong>ut,</strong></span> <span class='ocrx_word' id='word_1_182' title='bbox 1143 3130 1225 3193; x_wconf 90' lang='lat' dir='ltr'><strong>dum</strong></span> <span class='ocrx_word' id='word_1_183' title='bbox 1239 3131 1361 3195; x_wconf 90' lang='lat' dir='ltr'><strong>alieni-</strong></span> 
     </span>
    </p>

    <p class='ocr_par' dir='ltr' id='par_1_28' title="bbox 412 3228 1362 3312">
     <span class='ocr_line' id='line_1_28' title="bbox 412 3228 1362 3312; baseline 0.002 -19"><span class='ocrx_word' id='word_1_184' title='bbox 412 3238 511 3308; x_wconf 86' lang='lat' dir='ltr'><strong>genae</strong></span> <span class='ocrx_word' id='word_1_185' title='bbox 528 3228 712 3293; x_wconf 90' lang='lat' dir='ltr'><strong>alterutros</strong></span> <span class='ocrx_word' id='word_1_186' title='bbox 726 3228 991 3306; x_wconf 80' lang='lat' dir='ltr'><strong>transfoderent,</strong></span> <span class='ocrx_word' id='word_1_187' title='bbox 1006 3230 1081 3310; x_wconf 92' lang='lat' dir='ltr'><strong>ipse</strong></span> <span class='ocrx_word' id='word_1_188' title='bbox 1094 3230 1170 3293; x_wconf 91' lang='lat' dir='ltr'><strong>sine</strong></span> <span class='ocrx_word' id='word_1_189' title='bbox 1191 3232 1362 3312; x_wconf 80' lang='lat' dir='ltr'><strong>sanguine</strong></span> 
     </span>
    </p>
   </div>
   <div class='ocr_carea' id='block_1_3' title="bbox 411 3325 1363 3711">
    <p class='ocr_par' dir='ltr' id='par_1_29' title="bbox 411 3325 1363 3711">
     <span class='ocr_line' id='line_1_29' title="bbox 411 3325 1361 3415; baseline 0.002 -23"><span class='ocrx_word' id='word_1_190' title='bbox 411 3326 622 3410; x_wconf 88' lang='lat' dir='ltr'><strong>triumphum</strong></span> <span class='ocrx_word' id='word_1_191' title='bbox 647 3328 798 3393; x_wconf 89' lang='lat' dir='ltr'><strong>duceret.</strong></span> <span class='ocrx_word' id='word_1_192' title='bbox 849 3328 948 3392; x_wconf 90' lang='lat' dir='ltr'><strong>Idem</strong></span> <span class='ocrx_word' id='word_1_193' title='bbox 970 3325 1146 3415; x_wconf 90' lang='lat' dir='ltr'><strong>(inquam)</strong></span> <span class='ocrx_word' id='word_1_194' title='bbox 1163 3329 1361 3394; x_wconf 90' lang='lat' dir='ltr'><strong>Willelmns</strong></span> 
     </span>
     <span class='ocr_line' id='line_1_30' title="bbox 412 3425 1360 3512; baseline 0.004 -23"><span class='ocrx_word' id='word_1_195' title='bbox 412 3426 448 3489; x_wconf 91' lang='lat' dir='ltr'><strong>in</strong></span> <span class='ocrx_word' id='word_1_196' title='bbox 466 3425 600 3509; x_wconf 85' lang='lat' dir='ltr'><strong>Anglos</strong></span> <span class='ocrx_word' id='word_1_197' title='bbox 627 3428 721 3510; x_wconf 85' lang='lat' dir='ltr'><strong>egit:</strong></span> <span class='ocrx_word' id='word_1_198' title='bbox 744 3447 826 3491; x_wconf 90' lang='lat' dir='ltr'><strong>nam</strong></span> <span class='ocrx_word' id='word_1_199' title='bbox 849 3435 971 3492; x_wconf 91' lang='lat' dir='ltr'><strong>contra</strong></span> <span class='ocrx_word' id='word_1_200' title='bbox 992 3426 1174 3510; x_wconf 88' lang='lat' dir='ltr'><strong>quosdam,</strong></span> <span class='ocrx_word' id='word_1_201' title='bbox 1198 3430 1258 3511; x_wconf 88' lang='lat' dir='ltr'><strong>qui</strong></span> <span class='ocrx_word' id='word_1_202' title='bbox 1278 3437 1360 3512; x_wconf 91' lang='lat' dir='ltr'><strong>post</strong></span> 
     </span>
     <span class='ocr_line' id='line_1_31' title="bbox 411 3526 1360 3610; baseline 0.002 -20"><span class='ocrx_word' id='word_1_203' title='bbox 411 3527 558 3610; x_wconf 86' lang='lat' dir='ltr'><strong>primam</strong></span> <span class='ocrx_word' id='word_1_204' title='bbox 580 3526 727 3590; x_wconf 88' lang='lat' dir='ltr'><strong>infelicis</strong></span> <span class='ocrx_word' id='word_1_205' title='bbox 751 3527 875 3591; x_wconf 88' lang='lat' dir='ltr'><strong>ominis</strong></span> <span class='ocrx_word' id='word_1_206' title='bbox 897 3545 1050 3609; x_wconf 87' lang='lat' dir='ltr'><strong>pugnam</strong></span> <span class='ocrx_word' id='word_1_207' title='bbox 1071 3527 1360 3592; x_wconf 87' lang='lat' dir='ltr'><strong>Danemarchiam</strong></span> 
     </span>
     <span class='ocr_line' id='line_1_32' title="bbox 413 3625 1363 3711; baseline 0.004 -22"><span class='ocrx_word' id='word_1_208' title='bbox 413 3633 448 3689; x_wconf 92' lang='lat' dir='ltr'><strong>et</strong></span> <span class='ocrx_word' id='word_1_209' title='bbox 466 3625 671 3690; x_wconf 87' lang='lat' dir='ltr'><strong>Hiberniam</strong></span> <span class='ocrx_word' id='word_1_210' title='bbox 693 3626 934 3709; x_wconf 83' lang='lat' dir='ltr'><strong>profugerant,</strong></span> <span class='ocrx_word' id='word_1_211' title='bbox 956 3634 991 3690; x_wconf 88' lang='lat' dir='ltr'><strong>ot</strong></span> <span class='ocrx_word' id='word_1_212' title='bbox 1012 3626 1129 3691; x_wconf 86' lang='lat' dir='ltr'><strong>valida</strong></span> <span class='ocrx_word' id='word_1_213' title='bbox 1149 3637 1363 3711; x_wconf 89' lang='lat' dir='ltr'><strong>congregata</strong></span> 
     </span>
    </p>
   </div>
   <div class='ocr_carea' id='block_1_4' title="bbox 409 3870 1416 4285">
    <p class='ocr_par' dir='ltr' id='par_1_30' title="bbox 409 3870 1416 4285">
     <span class='ocr_line' id='line_1_33' title="bbox 450 3870 1362 3938; baseline 0.016 -17"><span class='ocrx_word' id='word_1_214' title='bbox 450 3870 875 3938; x_wconf 64' lang='lat' dir='ltr'><strong>¹Sedcorriuratloaedetecto.]Eerl</strong></span> <span class='ocrx_word' id='word_1_215' title='bbox 899 3878 953 3927; x_wconf 83' lang='lat' dir='ltr'><strong>The</strong></span> <span class='ocrx_word' id='word_1_216' title='bbox 977 3878 1112 3931; x_wconf 79' lang='lat' dir='ltr'><strong>Chronicle</strong></span> <span class='ocrx_word' id='word_1_217' title='bbox 1134 3881 1163 3929; x_wconf 87' lang='lat' dir='ltr'><strong>of</strong></span> <span class='ocrx_word' id='word_1_218' title='bbox 1181 3882 1288 3933; x_wconf 82' lang='lat' dir='ltr'><strong>Mailros</strong></span> <span class='ocrx_word' id='word_1_219' title='bbox 1310 3885 1362 3936; x_wconf 86' lang='lat' dir='ltr'><strong>and</strong></span> 
     </span>
     <span class='ocr_line' id='line_1_34' title="bbox 412 3941 1363 4019; baseline 0.017 -30"><span class='ocrx_word' id='word_1_220' title='bbox 412 3941 549 4005; x_wconf 81' lang='lat' dir='ltr'><strong>Waltheol,</strong></span> <span class='ocrx_word' id='word_1_221' title='bbox 559 3957 588 3990; x_wconf 88' lang='lat' dir='ltr'><strong>or</strong></span> <span class='ocrx_word' id='word_1_222' title='bbox 598 3943 695 3992; x_wconf 81' lang='lat' dir='ltr'><strong>Wullef</strong></span> <span class='ocrx_word' id='word_1_223' title='bbox 702 3958 732 3993; x_wconf 86' lang='lat' dir='ltr'><strong>as</strong></span> <span class='ocrx_word' id='word_1_224' title='bbox 750 3943 783 3993; x_wconf 94' lang='lat' dir='ltr'><strong>he</strong></span> <span class='ocrx_word' id='word_1_225' title='bbox 799 3947 822 3994; x_wconf 89' lang='lat' dir='ltr'><strong>is</strong></span> <span class='ocrx_word' id='word_1_226' title='bbox 838 3948 875 3995; x_wconf 86' lang='lat' dir='ltr'><strong>al·</strong></span> <span class='ocrx_word' id='word_1_227' title='bbox 899 3948 1064 3999; x_wconf 81' lang='lat' dir='ltr'><strong>Florence&#39;of</strong></span> <span class='ocrx_word' id='word_1_228' title='bbox 1071 3951 1222 4015; x_wconf 77' lang='lat' dir='ltr'><strong>worcester,</strong></span> <span class='ocrx_word' id='word_1_229' title='bbox 1234 3952 1363 4019; x_wconf 85' lang='lat' dir='ltr'><strong>however,</strong></span> 
     </span>
     <span class='ocr_line' id='line_1_35' title="bbox 409 4012 1416 4091; baseline 0.011 -31"><span class='ocrx_word' id='word_1_230' title='bbox 409 4025 482 4073; x_wconf 80' lang='lat' dir='ltr'><strong>ways</strong></span> <span class='ocrx_word' id='word_1_231' title='bbox 499 4012 582 4073; x_wconf 85' lang='lat' dir='ltr'><strong>styled</strong></span> <span class='ocrx_word' id='word_1_232' title='bbox 595 4013 621 4060; x_wconf 92' lang='lat' dir='ltr'><strong>in</strong></span> <span class='ocrx_word' id='word_1_233' title='bbox 632 4014 780 4075; x_wconf 84' lang='lat' dir='ltr'><strong>Domesdey</strong></span> <span class='ocrx_word' id='word_1_234' title='bbox 791 4016 874 4079; x_wconf 84' lang='lat' dir='ltr'><strong>Book,</strong></span> <span class='ocrx_word' id='word_1_235' title='bbox 898 4019 985 4081; x_wconf 85' lang='lat' dir='ltr'><strong>assign</strong></span> <span class='ocrx_word' id='word_1_236' title='bbox 993 4020 1043 4068; x_wconf 87' lang='lat' dir='ltr'><strong>this</strong></span> <span class='ocrx_word' id='word_1_237' title='bbox 1051 4026 1126 4070; x_wconf 85' lang='lat' dir='ltr'><strong>event</strong></span> <span class='ocrx_word' id='word_1_238' title='bbox 1133 4026 1159 4071; x_wconf 88' lang='lat' dir='ltr'><strong>to</strong></span> <span class='ocrx_word' id='word_1_239' title='bbox 1169 4022 1211 4071; x_wconf 84' lang='lat' dir='ltr'><strong>the</strong></span> <span class='ocrx_word' id='word_1_240' title='bbox 1222 4026 1361 4091; x_wconf 79' lang='lat' dir='ltr'><strong>preceding</strong></span> <span class='ocrx_word' id='word_1_241' title='bbox 1412 4065 1416 4071; x_wconf 91' lang='lat'>.</span> 
     </span>
     <span class='ocr_line' id='line_1_36' title="bbox 409 4083 966 4149; baseline 0.016 -21"><span class='ocrx_word' id='word_1_242' title='bbox 409 4094 474 4142; x_wconf 83' lang='lat' dir='ltr'><strong>was,</strong></span> <span class='ocrx_word' id='word_1_243' title='bbox 501 4083 636 4144; x_wconf 85' lang='lat' dir='ltr'><strong>according</strong></span> <span class='ocrx_word' id='word_1_244' title='bbox 662 4087 688 4131; x_wconf 91' lang='lat' dir='ltr'><strong>to</strong></span> <span class='ocrx_word' id='word_1_245' title='bbox 717 4083 760 4132; x_wconf 89' lang='lat' dir='ltr'><strong>the</strong></span> <span class='ocrx_word' id='word_1_246' title='bbox 788 4085 873 4134; x_wconf 84' lang='lat' dir='ltr'><strong>Saxon</strong></span> <span class='ocrx_word' id='word_1_247' title='bbox 896 4102 966 4149; x_wconf 84' lang='lat' dir='ltr'><strong>year.</strong></span> 
     </span>
     <span class='ocr_line' id='line_1_37' title="bbox 411 4149 1362 4229; baseline 0.018 -32"><span class='ocrx_word' id='word_1_248' title='bbox 411 4149 555 4211; x_wconf 86' lang='lat' dir='ltr'><strong>Chronicle,</strong></span> <span class='ocrx_word' id='word_1_249' title='bbox 584 4152 716 4201; x_wconf 86' lang='lat' dir='ltr'><strong>beheaded</strong></span> <span class='ocrx_word' id='word_1_250' title='bbox 746 4158 773 4202; x_wconf 88' lang='lat' dir='ltr'><strong>at</strong></span> <span class='ocrx_word' id='word_1_251' title='bbox 801 4155 873 4204; x_wconf 85' lang='lat' dir='ltr'><strong>Win·</strong></span> <span class='ocrx_word' id='word_1_252' title='bbox 931 4155 1095 4223; x_wconf 51' lang='lat' dir='ltr'><strong>&#39;Amnum</strong></span> <span class='ocrx_word' id='word_1_253' title='bbox 1116 4159 1150 4210; x_wconf 74' lang='lat' dir='ltr'><strong>A.</strong></span> <span class='ocrx_word' id='word_1_254' title='bbox 1174 4162 1220 4222; x_wconf 59' lang='grc' dir='ltr'><strong>ἃς</strong></span> <span class='ocrx_word' id='word_1_255' title='bbox 1242 4163 1362 4229; x_wconf 84' lang='lat' dir='ltr'><strong>afferunt,</strong></span> 
     </span>
     <span class='ocr_line' id='line_1_38' title="bbox 410 4219 1064 4285; baseline 0.017 -18"><span class='ocrx_word' id='word_1_256' title='bbox 410 4219 508 4269; x_wconf 86' lang='lat' dir='ltr'><strong>chester</strong></span> <span class='ocrx_word' id='word_1_257' title='bbox 526 4235 558 4269; x_wconf 90' lang='lat' dir='ltr'><strong>on</strong></span> <span class='ocrx_word' id='word_1_258' title='bbox 574 4222 617 4270; x_wconf 88' lang='lat' dir='ltr'><strong>the</strong></span> <span class='ocrx_word' id='word_1_259' title='bbox 640 4226 696 4271; x_wconf 64' lang='lat' dir='ltr'><strong>alst</strong></span> <span class='ocrx_word' id='word_1_260' title='bbox 714 4223 779 4285; x_wconf 84' lang='lat' dir='ltr'><strong>May</strong></span> <span class='ocrx_word' id='word_1_261' title='bbox 796 4228 870 4277; x_wconf 77' lang='lat' dir='ltr'><strong>loto.</strong></span> <span class='ocrx_word' id='word_1_262' title='bbox 898 4227 928 4276; x_wconf 82' lang='lat' dir='ltr'><strong>G.</strong></span> <span class='ocrx_word' id='word_1_263' title='bbox 941 4228 976 4279; x_wconf 89' lang='lat' dir='ltr'><strong>D.</strong></span> <span class='ocrx_word' id='word_1_264' title='bbox 988 4230 1020 4278; x_wconf 83' lang='grc' dir='ltr'><strong>Ε.</strong></span> <span class='ocrx_word' id='word_1_265' title='bbox 1032 4228 1064 4277; x_wconf 83' lang='lat' dir='ltr'><strong>L.</strong></span> 
     </span>
    </p>
   </div>
   <div class='ocr_carea' id='block_1_5' title="bbox 0 0 1556 5050">
    <p class='ocr_par' dir='ltr' id='par_1_31' title="bbox 0 0 1556 5050">
     <span class='ocr_line' id='line_1_39' title="bbox 0 0 1556 5050; baseline 0 0"><span class='ocrx_word' id='word_1_266' title='bbox 0 0 1556 5050; x_wconf 95' lang='lat' dir='ltr'><strong> </strong></span> 
     </span>
    </p>
   </div>
  </div>
 </body>
</html>
