<?xml version="1.0" encoding="UTF-8"?>
<!DOCTYPE html PUBLIC "-//W3C//DTD XHTML 1.0 Transitional//EN"
    "http://www.w3.org/TR/xhtml1/DTD/xhtml1-transitional.dtd">
<html xmlns="http://www.w3.org/1999/xhtml" xml:lang="en" lang="en">
 <head>
  <title>
</title>
<meta http-equiv="Content-Type" content="text/html;charset=utf-8" />
  <meta name='ocr-system' content='tesseract 3.04.00' />
  <meta name='ocr-capabilities' content='ocr_page ocr_carea ocr_par ocr_line ocrx_word'/>
</head>
<body>
  <div class='ocr_page' id='page_1' title='image "./willelmimalmesb02willgoog_0316.png"; bbox 0 0 3100 5050; ppageno 0'>
   <div class='ocr_carea' id='block_1_1' title="bbox 440 496 1393 578">
    <p class='ocr_par' dir='ltr' id='par_1_1' title="bbox 440 496 1393 578">
     <span class='ocr_line' id='line_1_1' title="bbox 440 496 1393 578; baseline -0.005 -14"><span class='ocrx_word' id='word_1_1' title='bbox 440 497 508 564; x_wconf 79' lang='grc'><strong>696</strong></span> <span class='ocrx_word' id='word_1_2' title='bbox 727 511 903 562; x_wconf 75' lang='lat' dir='ltr'><strong>ursacius</strong></span> <span class='ocrx_word' id='word_1_3' title='bbox 925 511 1105 561; x_wconf 75' lang='lat' dir='ltr'><strong>novrum.</strong></span> <span class='ocrx_word' id='word_1_4' title='bbox 1258 496 1347 578; x_wconf 75' lang='lat' dir='ltr'><strong>[ma</strong></span> <span class='ocrx_word' id='word_1_5' title='bbox 1367 511 1393 559; x_wconf 90' lang='lat'><strong>1.</strong></span> 
     </span>
    </p>
   </div>
   <div class='ocr_carea' id='block_1_2' title="bbox 374 670 1452 4065">
    <p class='ocr_par' dir='ltr' id='par_1_2' title="bbox 374 670 1452 4065">
     <span class='ocr_line' id='line_1_2' title="bbox 441 670 1394 756; baseline -0.003 -18"><span class='ocrx_word' id='word_1_6' title='bbox 441 670 674 756; x_wconf 87' lang='lat' dir='ltr'><strong>cipitationis:</strong></span> <span class='ocrx_word' id='word_1_7' title='bbox 707 671 739 736; x_wconf 85' lang='lat' dir='ltr'><strong>si</strong></span> <span class='ocrx_word' id='word_1_8' title='bbox 763 671 809 736; x_wconf 94' lang='lat' dir='ltr'><strong>de</strong></span> <span class='ocrx_word' id='word_1_9' title='bbox 838 671 1033 736; x_wconf 86' lang='lat' dir='ltr'><strong>rumoribus</strong></span> <span class='ocrx_word' id='word_1_10' title='bbox 1063 671 1192 752; x_wconf 78' lang='lat' dir='ltr'><strong>agitur,</strong></span> <span class='ocrx_word' id='word_1_11' title='bbox 1216 671 1320 753; x_wconf 82' lang='lat' dir='ltr'><strong>longe</strong></span> <span class='ocrx_word' id='word_1_12' title='bbox 1354 689 1394 735; x_wconf 86' lang='lat' dir='ltr'><strong>se</strong></span> 
     </span>
     <span class='ocr_line' id='line_1_3' title="bbox 442 771 1452 856; baseline -0.001 -19"><span class='ocrx_word' id='word_1_13' title='bbox 442 774 544 838; x_wconf 88' lang='lat' dir='ltr'><strong>aliter</strong></span> <span class='ocrx_word' id='word_1_14' title='bbox 567 773 699 837; x_wconf 91' lang='lat' dir='ltr'><strong>babent</strong></span> <span class='ocrx_word' id='word_1_15' title='bbox 728 791 785 836; x_wconf 89' lang='lat' dir='ltr'><strong>rcs</strong></span> <span class='ocrx_word' id='word_1_16' title='bbox 808 790 912 856; x_wconf 87' lang='lat' dir='ltr'><strong>quam</strong></span> <span class='ocrx_word' id='word_1_17' title='bbox 937 779 1063 836; x_wconf 75' lang='lat' dir='ltr'><strong>vestrae</strong></span> <span class='ocrx_word' id='word_1_18' title='bbox 1087 771 1180 854; x_wconf 91' lang='lat' dir='ltr'><strong>apud</strong></span> <span class='ocrx_word' id='word_1_19' title='bbox 1203 791 1259 836; x_wconf 91' lang='lat' dir='ltr'><strong>me</strong></span> <span class='ocrx_word' id='word_1_20' title='bbox 1280 771 1393 836; x_wconf 86' lang='lat' dir='ltr'><strong>literae</strong></span> <span class='ocrx_word' id='word_1_21' title='bbox 1440 835 1452 850; x_wconf 74' lang='grc'><em>,</em></span> 
     </span>
     <span class='ocr_line' id='line_1_4' title="bbox 442 870 1394 957; baseline -0.002 -19"><span class='ocrx_word' id='word_1_22' title='bbox 442 880 692 957; x_wconf 73' lang='lat' dir='ltr'><strong>protestantur.</strong></span> <span class='ocrx_word' id='word_1_23' title='bbox 743 870 802 937; x_wconf 82' lang='lat' dir='ltr'><strong>Ad</strong></span> <span class='ocrx_word' id='word_1_24' title='bbox 826 872 913 949; x_wconf 88' lang='lat' dir='ltr'><strong>baec,</strong></span> <span class='ocrx_word' id='word_1_25' title='bbox 938 871 969 935; x_wconf 90' lang='lat' dir='ltr'><strong>si</strong></span> <span class='ocrx_word' id='word_1_26' title='bbox 985 873 1092 937; x_wconf 88' lang='lat' dir='ltr'><strong>verba</strong></span> <span class='ocrx_word' id='word_1_27' title='bbox 1112 891 1190 955; x_wconf 76' lang='lat' dir='ltr'><strong>quaa</strong></span> <span class='ocrx_word' id='word_1_28' title='bbox 1214 873 1394 955; x_wconf 89' lang='lat' dir='ltr'><strong>posuistis,</strong></span> 
     </span>
     <span class='ocr_line' id='line_1_5' title="bbox 443 970 1393 1058; baseline -0.002 -20"><span class='ocrx_word' id='word_1_29' title='bbox 443 975 474 1038; x_wconf 91' lang='lat' dir='ltr'><strong>si</strong></span> <span class='ocrx_word' id='word_1_30' title='bbox 502 973 633 1038; x_wconf 81' lang='lat' dir='ltr'>ordinis</span> <span class='ocrx_word' id='word_1_31' title='bbox 657 974 829 1038; x_wconf 88' lang='lat' dir='ltr'><strong>rationem</strong></span> <span class='ocrx_word' id='word_1_32' title='bbox 854 972 1045 1050; x_wconf 86' lang='lat' dir='ltr'><strong>attenditis,</strong></span> <span class='ocrx_word' id='word_1_33' title='bbox 1069 970 1139 1058; x_wconf 93' lang='lat' dir='ltr'><strong>(ut,</strong></span> <span class='ocrx_word' id='word_1_34' title='bbox 1164 971 1266 1037; x_wconf 87' lang='lat' dir='ltr'><strong>salva</strong></span> <span class='ocrx_word' id='word_1_35' title='bbox 1292 991 1393 1037; x_wconf 88' lang='lat' dir='ltr'><strong>reve-</strong></span> 
     </span>
     <span class='ocr_line' id='line_1_6' title="bbox 442 1069 1394 1158; baseline -0.001 -20"><span class='ocrx_word' id='word_1_36' title='bbox 442 1075 556 1138; x_wconf 89' lang='lat' dir='ltr'><strong>rentia</strong></span> <span class='ocrx_word' id='word_1_37' title='bbox 576 1080 706 1151; x_wconf 85' lang='lat' dir='ltr'><strong>vestra,</strong></span> <span class='ocrx_word' id='word_1_38' title='bbox 731 1069 886 1158; x_wconf 92' lang='lat' dir='ltr'><strong>loquar,)</strong></span> <span class='ocrx_word' id='word_1_39' title='bbox 909 1071 1095 1136; x_wconf 79' lang='lat' dir='ltr'><strong>factionem</strong></span> <span class='ocrx_word' id='word_1_40' title='bbox 1112 1073 1215 1145; x_wconf 68' lang='lat' dir='ltr'><strong>,illam</strong></span> <span class='ocrx_word' id='word_1_41' title='bbox 1238 1080 1394 1138; x_wconf 88' lang='lat' dir='ltr'><strong>vestram</strong></span> 
     </span>
     <span class='ocr_line' id='line_1_7' title="bbox 443 1171 1394 1259; baseline 0.001 -21"><span class='ocrx_word' id='word_1_42' title='bbox 443 1193 515 1259; x_wconf 92' lang='lat' dir='ltr'><strong>qua</strong></span> <span class='ocrx_word' id='word_1_43' title='bbox 539 1174 761 1252; x_wconf 86' lang='lat' dir='ltr'><strong>confidentia,</strong></span> <span class='ocrx_word' id='word_1_44' title='bbox 791 1191 862 1257; x_wconf 92' lang='lat' dir='ltr'><strong>qua</strong></span> <span class='ocrx_word' id='word_1_45' title='bbox 890 1171 1015 1250; x_wconf 82' lang='lat' dir='ltr'><strong>fronte,</strong></span> <span class='ocrx_word' id='word_1_46' title='bbox 1040 1172 1242 1238; x_wconf 77' lang='lat' dir='ltr'><strong>electionem</strong></span> <span class='ocrx_word' id='word_1_47' title='bbox 1266 1193 1394 1238; x_wconf 86' lang='lat' dir='ltr'><strong>vocare</strong></span> 
     </span>
     <span class='ocr_line' id='line_1_8' title="bbox 442 1273 1393 1358; baseline 0 -20"><span class='ocrx_word' id='word_1_48' title='bbox 442 1275 679 1358; x_wconf 66' lang='lat' dir='ltr'><strong>praesumitis?</strong></span> <span class='ocrx_word' id='word_1_49' title='bbox 739 1273 813 1338; x_wconf 85' lang='lat' dir='ltr'><strong>Gur</strong></span> <span class='ocrx_word' id='word_1_50' title='bbox 838 1273 936 1338; x_wconf 91' lang='lat' dir='ltr'><strong>illum</strong></span> <span class='ocrx_word' id='word_1_51' title='bbox 966 1280 1120 1338; x_wconf 84' lang='lat' dir='ltr'><strong>vestrum</strong></span> <span class='ocrx_word' id='word_1_52' title='bbox 1153 1273 1268 1338; x_wconf 88' lang='lat' dir='ltr'><strong>dicitis</strong></span> <span class='ocrx_word' id='word_1_53' title='bbox 1298 1275 1393 1338; x_wconf 91' lang='lat' dir='ltr'><strong>ordi-</strong></span> 
     </span>
     <span class='ocr_line' id='line_1_9' title="bbox 443 1372 1393 1457; baseline 0.002 -19"><span class='ocrx_word' id='word_1_54' title='bbox 443 1383 577 1453; x_wconf 89' lang='lat' dir='ltr'><strong>natum,</strong></span> <span class='ocrx_word' id='word_1_55' title='bbox 602 1394 683 1439; x_wconf 90' lang='lat' dir='ltr'><strong>cum</strong></span> <span class='ocrx_word' id='word_1_56' title='bbox 711 1391 854 1457; x_wconf 87' lang='lat' dir='ltr'><strong>prorsus</strong></span> <span class='ocrx_word' id='word_1_57' title='bbox 884 1373 922 1437; x_wconf 94' lang='lat' dir='ltr'><strong>in</strong></span> <span class='ocrx_word' id='word_1_58' title='bbox 957 1391 1065 1438; x_wconf 90' lang='lat' dir='ltr'><strong>causa</strong></span> <span class='ocrx_word' id='word_1_59' title='bbox 1097 1372 1174 1457; x_wconf 90' lang='lat' dir='ltr'><strong>ejus</strong></span> <span class='ocrx_word' id='word_1_60' title='bbox 1205 1374 1290 1439; x_wconf 91' lang='lat' dir='ltr'><strong>ordo</strong></span> <span class='ocrx_word' id='word_1_61' title='bbox 1322 1395 1393 1440; x_wconf 94' lang='lat' dir='ltr'><strong>non</strong></span> 
     </span>
     <span class='ocr_line' id='line_1_10' title="bbox 443 1473 1394 1557; baseline 0.001 -18"><span class='ocrx_word' id='word_1_62' title='bbox 443 1475 574 1540; x_wconf 81' lang='lat' dir='ltr'><strong>fueriti</strong></span> <span class='ocrx_word' id='word_1_63' title='bbox 625 1474 761 1540; x_wconf 79' lang='lat' dir='ltr'><strong>Siccine</strong></span> <span class='ocrx_word' id='word_1_64' title='bbox 773 1473 942 1539; x_wconf 84' lang='lat' dir='ltr'><strong>didicistis</strong></span> <span class='ocrx_word' id='word_1_65' title='bbox 957 1491 1084 1557; x_wconf 91' lang='lat' dir='ltr'><strong>papam</strong></span> <span class='ocrx_word' id='word_1_66' title='bbox 1100 1473 1254 1556; x_wconf 81' lang='lat' dir='ltr'><strong>eligeret</strong></span> <span class='ocrx_word' id='word_1_67' title='bbox 1277 1473 1315 1538; x_wconf 94' lang='lat' dir='ltr'><strong>in</strong></span> <span class='ocrx_word' id='word_1_68' title='bbox 1331 1495 1394 1540; x_wconf 69' lang='lat' dir='ltr'><strong>an÷</strong></span> 
     </span>
     <span class='ocr_line' id='line_1_11' title="bbox 443 1572 1393 1660; baseline -0.001 -19"><span class='ocrx_word' id='word_1_69' title='bbox 443 1575 538 1657; x_wconf 76' lang='lat' dir='ltr'><strong>gulo,</strong></span> <span class='ocrx_word' id='word_1_70' title='bbox 560 1576 597 1639; x_wconf 91' lang='lat' dir='ltr'><strong>in</strong></span> <span class='ocrx_word' id='word_1_71' title='bbox 621 1575 839 1652; x_wconf 88' lang='lat' dir='ltr'><strong>abscondito,</strong></span> <span class='ocrx_word' id='word_1_72' title='bbox 854 1575 891 1638; x_wconf 92' lang='lat' dir='ltr'><strong>in</strong></span> <span class='ocrx_word' id='word_1_73' title='bbox 907 1572 1098 1638; x_wconf 83' lang='lat' dir='ltr'><strong>tenebrosis</strong></span> <span class='ocrx_word' id='word_1_74' title='bbox 1113 1580 1151 1638; x_wconf 92' lang='lat' dir='ltr'><strong>et</strong></span> <span class='ocrx_word' id='word_1_75' title='bbox 1163 1575 1285 1638; x_wconf 86' lang='lat' dir='ltr'><strong>umbra</strong></span> <span class='ocrx_word' id='word_1_76' title='bbox 1299 1596 1393 1660; x_wconf 82' lang='lat' dir='ltr'><strong>mor-</strong></span> 
     </span>
     <span class='ocr_line' id='line_1_12' title="bbox 444 1667 1394 1759; baseline 0.001 -19"><span class='ocrx_word' id='word_1_77' title='bbox 444 1676 517 1740; x_wconf 84' lang='lat' dir='ltr'><strong>tisl</strong></span> <span class='ocrx_word' id='word_1_78' title='bbox 548 1675 587 1739; x_wconf 91' lang='lat' dir='ltr'><strong>Si</strong></span> <span class='ocrx_word' id='word_1_79' title='bbox 599 1683 737 1741; x_wconf 88' lang='lat' dir='ltr'><strong>mortuo</strong></span> <span class='ocrx_word' id='word_1_80' title='bbox 753 1693 855 1759; x_wconf 81' lang='lat' dir='ltr'><strong>papae</strong></span> <span class='ocrx_word' id='word_1_81' title='bbox 869 1675 987 1739; x_wconf 85' lang='lat' dir='ltr'><strong>vivum</strong></span> <span class='ocrx_word' id='word_1_82' title='bbox 997 1674 1181 1739; x_wconf 84' lang='lat' dir='ltr'><strong>succedere</strong></span> <span class='ocrx_word' id='word_1_83' title='bbox 1193 1667 1394 1759; x_wconf 73' lang='grc' dir='ltr'><strong>ινοΙοῖτοῖίε,</strong></span> 
     </span>
     <span class='ocr_line' id='line_1_13' title="bbox 443 1773 1394 1857; baseline 0 -17"><span class='ocrx_word' id='word_1_84' title='bbox 443 1795 506 1840; x_wconf 91' lang='lat' dir='ltr'><strong>cur</strong></span> <span class='ocrx_word' id='word_1_85' title='bbox 521 1783 695 1841; x_wconf 90' lang='lat' dir='ltr'><strong>mortuum</strong></span> <span class='ocrx_word' id='word_1_86' title='bbox 712 1776 829 1842; x_wconf 81' lang='lat' dir='ltr'><strong>vivere</strong></span> <span class='ocrx_word' id='word_1_87' title='bbox 846 1774 1114 1857; x_wconf 71' lang='lat' dir='ltr'><strong>praedicabatis?</strong></span> <span class='ocrx_word' id='word_1_88' title='bbox 1137 1774 1248 1841; x_wconf 91' lang='lat' dir='ltr'><strong>multo</strong></span> <span class='ocrx_word' id='word_1_89' title='bbox 1269 1773 1394 1841; x_wconf 85' lang='lat' dir='ltr'><strong>melius</strong></span> 
     </span>
     <span class='ocr_line' id='line_1_14' title="bbox 443 1875 1394 1958; baseline 0.002 -18"><span class='ocrx_word' id='word_1_90' title='bbox 443 1884 520 1940; x_wconf 89' lang='lat' dir='ltr'><strong>erat</strong></span> <span class='ocrx_word' id='word_1_91' title='bbox 542 1884 680 1941; x_wconf 87' lang='lat' dir='ltr'><strong>mortno</strong></span> <span class='ocrx_word' id='word_1_92' title='bbox 705 1875 957 1940; x_wconf 74' lang='lat' dir='ltr'><strong>humanitatem</strong></span> <span class='ocrx_word' id='word_1_93' title='bbox 982 1875 1191 1958; x_wconf 88' lang='lat' dir='ltr'><strong>impendere,</strong></span> <span class='ocrx_word' id='word_1_94' title='bbox 1218 1883 1254 1940; x_wconf 91' lang='lat' dir='ltr'><strong>et</strong></span> <span class='ocrx_word' id='word_1_95' title='bbox 1276 1877 1327 1941; x_wconf 89' lang='lat' dir='ltr'><strong>sic</strong></span> <span class='ocrx_word' id='word_1_96' title='bbox 1348 1878 1394 1942; x_wconf 91' lang='lat' dir='ltr'><strong>de</strong></span> 
     </span>
     <span class='ocr_line' id='line_1_15' title="bbox 442 1969 1394 2060; baseline 0.001 -19"><span class='ocrx_word' id='word_1_97' title='bbox 442 1977 515 2041; x_wconf 80' lang='lat' dir='ltr'><strong>vivi</strong></span> <span class='ocrx_word' id='word_1_98' title='bbox 527 1976 653 2041; x_wconf 90' lang='lat' dir='ltr'><strong>solatio</strong></span> <span class='ocrx_word' id='word_1_99' title='bbox 666 1975 832 2060; x_wconf 78' lang='lat' dir='ltr'><strong>cogitare.</strong></span> <span class='ocrx_word' id='word_1_100' title='bbox 884 1975 953 2039; x_wconf 90' lang='lat' dir='ltr'><strong>Sed</strong></span> <span class='ocrx_word' id='word_1_101' title='bbox 966 1994 1047 2040; x_wconf 88' lang='lat' dir='ltr'><strong>ecce</strong></span> <span class='ocrx_word' id='word_1_102' title='bbox 1060 1976 1067 2040; x_wconf 92' lang='lat'><strong>!</strong></span> <span class='ocrx_word' id='word_1_103' title='bbox 1082 1969 1183 2039; x_wconf 81' lang='lat' dir='ltr'><strong>&#39;dum</strong></span> <span class='ocrx_word' id='word_1_104' title='bbox 1196 1975 1394 2058; x_wconf 85' lang='lat' dir='ltr'><strong>demortuo</strong></span> 
     </span>
     <span class='ocr_line' id='line_1_16' title="bbox 443 2075 1393 2160; baseline -0.001 -18"><span class='ocrx_word' id='word_1_105' title='bbox 443 2077 607 2142; x_wconf 89' lang='lat' dir='ltr'><strong>solatium</strong></span> <span class='ocrx_word' id='word_1_106' title='bbox 628 2077 711 2142; x_wconf 84' lang='lat' dir='ltr'><strong>vivo</strong></span> <span class='ocrx_word' id='word_1_107' title='bbox 734 2075 922 2160; x_wconf 85' lang='lat' dir='ltr'><strong>requiritis,</strong></span> <span class='ocrx_word' id='word_1_108' title='bbox 947 2082 985 2140; x_wconf 92' lang='lat' dir='ltr'><strong>et</strong></span> <span class='ocrx_word' id='word_1_109' title='bbox 1009 2075 1128 2141; x_wconf 84' lang='lat' dir='ltr'><strong>vivum</strong></span> <span class='ocrx_word' id='word_1_110' title='bbox 1153 2082 1189 2140; x_wconf 90' lang='lat' dir='ltr'><strong>et</strong></span> <span class='ocrx_word' id='word_1_111' title='bbox 1216 2084 1393 2141; x_wconf 90' lang='lat' dir='ltr'><strong>mortuum</strong></span> 
     </span>
     <span class='ocr_line' id='line_1_17' title="bbox 442 2175 1393 2261; baseline 0 -19"><span class='ocrx_word' id='word_1_112' title='bbox 442 2179 573 2261; x_wconf 87' lang='lat' dir='ltr'><strong>pariter</strong></span> <span class='ocrx_word' id='word_1_113' title='bbox 585 2176 792 2242; x_wconf 84' lang='lat' dir='ltr'><strong>suffocastis.</strong></span> <span class='ocrx_word' id='word_1_114' title='bbox 830 2175 1026 2254; x_wconf 89' lang='lat' dir='ltr'><strong>Postremo,</strong></span> <span class='ocrx_word' id='word_1_115' title='bbox 1041 2195 1104 2240; x_wconf 89' lang='lat' dir='ltr'><strong>nec</strong></span> <span class='ocrx_word' id='word_1_116' title='bbox 1118 2183 1286 2255; x_wconf 88' lang='lat' dir='ltr'><strong>vestrum,</strong></span> <span class='ocrx_word' id='word_1_117' title='bbox 1300 2179 1393 2242; x_wconf 89' lang='lat' dir='ltr'><strong>sicut</strong></span> 
     </span>
     <span class='ocr_line' id='line_1_18' title="bbox 442 2275 1393 2360; baseline 0.001 -19"><span class='ocrx_word' id='word_1_118' title='bbox 442 2296 507 2342; x_wconf 91' lang='lat' dir='ltr'><strong>nec</strong></span> <span class='ocrx_word' id='word_1_119' title='bbox 533 2297 660 2355; x_wconf 89' lang='lat' dir='ltr'><strong>meum,</strong></span> <span class='ocrx_word' id='word_1_120' title='bbox 683 2276 751 2342; x_wconf 87' lang='lat' dir='ltr'><strong>suit</strong></span> <span class='ocrx_word' id='word_1_121' title='bbox 774 2275 926 2358; x_wconf 81' lang='lat' dir='ltr'><strong>eligere3</strong></span> <span class='ocrx_word' id='word_1_122' title='bbox 964 2276 1026 2342; x_wconf 89' lang='lat' dir='ltr'><strong>sed</strong></span> <span class='ocrx_word' id='word_1_123' title='bbox 1052 2277 1169 2360; x_wconf 90' lang='lat' dir='ltr'><strong>potius</strong></span> <span class='ocrx_word' id='word_1_124' title='bbox 1195 2275 1343 2342; x_wconf 91' lang='lat' dir='ltr'><strong>electum</strong></span> <span class='ocrx_word' id='word_1_125' title='bbox 1369 2297 1393 2342; x_wconf 91' lang='lat' dir='ltr'><strong>a</strong></span> 
     </span>
     <span class='ocr_line' id='line_1_19' title="bbox 442 2375 1392 2461; baseline 0 -19"><span class='ocrx_word' id='word_1_126' title='bbox 442 2378 609 2443; x_wconf 87' lang='lat' dir='ltr'><strong>fratribus</strong></span> <span class='ocrx_word' id='word_1_127' title='bbox 625 2397 787 2461; x_wconf 87' lang='lat' dir='ltr'><strong>spernere</strong></span> <span class='ocrx_word' id='word_1_128' title='bbox 803 2376 860 2441; x_wconf 88' lang='lat' dir='ltr'><strong>vel</strong></span> <span class='ocrx_word' id='word_1_129' title='bbox 885 2378 1090 2460; x_wconf 89' lang='lat' dir='ltr'><strong>approbare.</strong></span> <span class='ocrx_word' id='word_1_130' title='bbox 1143 2375 1246 2456; x_wconf 85' lang='lat' dir='ltr'><strong>Quod</strong></span> <span class='ocrx_word' id='word_1_131' title='bbox 1270 2378 1392 2460; x_wconf 85' lang='lat' dir='ltr'><strong>igitur,</strong></span> 
     </span>
     <span class='ocr_line' id='line_1_20' title="bbox 443 2478 1393 2562; baseline 0.001 -20"><span class='ocrx_word' id='word_1_132' title='bbox 443 2479 603 2561; x_wconf 80' lang='lat' dir='ltr'><strong>neglecto</strong></span> <span class='ocrx_word' id='word_1_133' title='bbox 626 2478 759 2557; x_wconf 86' lang='lat' dir='ltr'><strong>ordine,</strong></span> <span class='ocrx_word' id='word_1_134' title='bbox 775 2484 975 2561; x_wconf 90' lang='lat' dir='ltr'><strong>contempto</strong></span> <span class='ocrx_word' id='word_1_135' title='bbox 991 2496 1136 2557; x_wconf 88' lang='lat' dir='ltr'><strong>canone,</strong></span> <span class='ocrx_word' id='word_1_136' title='bbox 1152 2484 1270 2562; x_wconf 88' lang='lat' dir='ltr'><strong>spreto</strong></span> <span class='ocrx_word' id='word_1_137' title='bbox 1286 2480 1393 2543; x_wconf 86' lang='lat' dir='ltr'><strong>etiam</strong></span> 
     </span>
     <span class='ocr_line' id='line_1_21' title="bbox 441 2578 1393 2662; baseline 0.001 -18"><span class='ocrx_word' id='word_1_138' title='bbox 441 2579 520 2662; x_wconf 88' lang='lat' dir='ltr'><strong>ipsc</strong></span> <span class='ocrx_word' id='word_1_139' title='bbox 544 2599 566 2644; x_wconf 89' lang='lat' dir='ltr'><strong>a</strong></span> <span class='ocrx_word' id='word_1_140' title='bbox 579 2580 680 2644; x_wconf 86' lang='lat' dir='ltr'><strong>vobis</strong></span> <span class='ocrx_word' id='word_1_141' title='bbox 701 2579 841 2643; x_wconf 89' lang='lat' dir='ltr'><strong>condito</strong></span> <span class='ocrx_word' id='word_1_142' title='bbox 865 2579 1099 2657; x_wconf 90' lang='lat' dir='ltr'><strong>anathemate,</strong></span> <span class='ocrx_word' id='word_1_143' title='bbox 1115 2598 1169 2643; x_wconf 90' lang='lat' dir='ltr'><strong>me</strong></span> <span class='ocrx_word' id='word_1_144' title='bbox 1193 2578 1393 2645; x_wconf 90' lang='lat' dir='ltr'><strong>inconsulto</strong></span> 
     </span>
     <span class='ocr_line' id='line_1_22' title="bbox 442 2678 1393 2766; baseline -0.001 -22"><span class='ocrx_word' id='word_1_145' title='bbox 442 2680 557 2762; x_wconf 89' lang='lat' dir='ltr'><strong>priore</strong></span> <span class='ocrx_word' id='word_1_146' title='bbox 569 2686 701 2757; x_wconf 82' lang='lat' dir='ltr'><strong>vestro,</strong></span> <span class='ocrx_word' id='word_1_147' title='bbox 718 2678 924 2743; x_wconf 87' lang='lat' dir='ltr'><strong>inconsultis</strong></span> <span class='ocrx_word' id='word_1_148' title='bbox 938 2680 1043 2743; x_wconf 90' lang='lat' dir='ltr'><strong>etiam</strong></span> <span class='ocrx_word' id='word_1_149' title='bbox 1059 2679 1226 2743; x_wconf 85' lang='lat' dir='ltr'><strong>fratribus</strong></span> <span class='ocrx_word' id='word_1_150' title='bbox 1248 2680 1393 2766; x_wconf 86' lang='lat' dir='ltr'><strong>majori-</strong></span> 
     </span>
     <span class='ocr_line' id='line_1_23' title="bbox 374 2779 1393 2864; baseline 0.002 -21"><span class='ocrx_word' id='word_1_151' title='bbox 374 2826 379 2832; x_wconf 71' lang='lat'><em>.</em></span> <span class='ocrx_word' id='word_1_152' title='bbox 441 2780 509 2843; x_wconf 90' lang='lat' dir='ltr'><strong>bus</strong></span> <span class='ocrx_word' id='word_1_153' title='bbox 521 2787 557 2845; x_wconf 90' lang='lat' dir='ltr'><strong>et</strong></span> <span class='ocrx_word' id='word_1_154' title='bbox 567 2780 752 2864; x_wconf 87' lang='lat' dir='ltr'><strong>prioribus,</strong></span> <span class='ocrx_word' id='word_1_155' title='bbox 762 2799 827 2843; x_wconf 92' lang='lat' dir='ltr'><strong>nec</strong></span> <span class='ocrx_word' id='word_1_156' title='bbox 843 2779 949 2844; x_wconf 87' lang='lat' dir='ltr'><strong>etiam</strong></span> <span class='ocrx_word' id='word_1_157' title='bbox 959 2780 1093 2844; x_wconf 87' lang='lat' dir='ltr'><strong>vocatis</strong></span> <span class='ocrx_word' id='word_1_158' title='bbox 1110 2786 1171 2844; x_wconf 88' lang='lat' dir='ltr'><strong>aut</strong></span> <span class='ocrx_word' id='word_1_159' title='bbox 1182 2782 1393 2863; x_wconf 78' lang='lat' dir='ltr'><strong>expectatiS,</strong></span> 
     </span>
     <span class='ocr_line' id='line_1_24' title="bbox 442 2879 1394 2963; baseline 0.002 -20"><span class='ocrx_word' id='word_1_160' title='bbox 442 2899 520 2943; x_wconf 87' lang='lat' dir='ltr'><strong>oum</strong></span> <span class='ocrx_word' id='word_1_161' title='bbox 534 2880 657 2945; x_wconf 89' lang='lat' dir='ltr'><strong>essetis</strong></span> <span class='ocrx_word' id='word_1_162' title='bbox 666 2879 790 2944; x_wconf 85' lang='lat' dir='ltr'><strong>novitii</strong></span> <span class='ocrx_word' id='word_1_163' title='bbox 805 2885 841 2944; x_wconf 89' lang='lat' dir='ltr'><strong>et</strong></span> <span class='ocrx_word' id='word_1_164' title='bbox 857 2880 894 2943; x_wconf 94' lang='lat' dir='ltr'><strong>in</strong></span> <span class='ocrx_word' id='word_1_165' title='bbox 908 2898 1051 2944; x_wconf 90' lang='lat' dir='ltr'><strong>numero</strong></span> <span class='ocrx_word' id='word_1_166' title='bbox 1067 2880 1165 2944; x_wconf 87' lang='lat' dir='ltr'><strong>brevi</strong></span> <span class='ocrx_word' id='word_1_167' title='bbox 1177 2881 1394 2963; x_wconf 90' lang='lat' dir='ltr'><strong>paucissimi,</strong></span> 
     </span>
     <span class='ocr_line' id='line_1_25' title="bbox 442 2979 1394 3064; baseline 0.002 -21"><span class='ocrx_word' id='word_1_168' title='bbox 442 2979 556 3043; x_wconf 87' lang='lat' dir='ltr'><strong>faeere</strong></span> <span class='ocrx_word' id='word_1_169' title='bbox 573 2979 857 3064; x_wconf 67' lang='lat' dir='ltr'><strong>praesumpsistis</strong></span> <span class='ocrx_word' id='word_1_170' title='bbox 867 2999 931 3061; x_wconf 89' lang='lat' dir='ltr'><strong>pro</strong></span> <span class='ocrx_word' id='word_1_171' title='bbox 944 2979 1074 3044; x_wconf 84' lang='lat' dir='ltr'><strong>inlecto</strong></span> <span class='ocrx_word' id='word_1_172' title='bbox 1090 2979 1287 3045; x_wconf 89' lang='lat' dir='ltr'><strong>habendum</strong></span> <span class='ocrx_word' id='word_1_173' title='bbox 1303 2998 1394 3060; x_wconf 87' lang='lat' dir='ltr'><strong>esse,</strong></span> 
     </span>
     <span class='ocr_line' id='line_1_26' title="bbox 442 3079 1394 3163; baseline 0.002 -20"><span class='ocrx_word' id='word_1_174' title='bbox 442 3086 479 3143; x_wconf 88' lang='lat' dir='ltr'><strong>et</strong></span> <span class='ocrx_word' id='word_1_175' title='bbox 495 3080 582 3144; x_wconf 91' lang='lat' dir='ltr'><strong>nihil</strong></span> <span class='ocrx_word' id='word_1_176' title='bbox 598 3079 738 3144; x_wconf 90' lang='lat' dir='ltr'><strong>omnino</strong></span> <span class='ocrx_word' id='word_1_177' title='bbox 761 3079 923 3157; x_wconf 87' lang='lat' dir='ltr'><strong>existere,</strong></span> <span class='ocrx_word' id='word_1_178' title='bbox 946 3099 991 3143; x_wconf 86' lang='lat' dir='ltr'><strong>ex</strong></span> <span class='ocrx_word' id='word_1_179' title='bbox 1007 3080 1086 3163; x_wconf 92' lang='lat' dir='ltr'><strong>ipsa</strong></span> <span class='ocrx_word' id='word_1_180' title='bbox 1102 3087 1219 3145; x_wconf 88' lang='lat' dir='ltr'><strong>vestra</strong></span> <span class='ocrx_word' id='word_1_181' title='bbox 1240 3082 1394 3145; x_wconf 87' lang='lat' dir='ltr'><strong>aestima-</strong></span> 
     </span>
     <span class='ocr_line' id='line_1_27' title="bbox 441 3178 1392 3264; baseline 0.003 -21"><span class='ocrx_word' id='word_1_182' title='bbox 441 3179 538 3244; x_wconf 87' lang='lat' dir='ltr'><strong>tione</strong></span> <span class='ocrx_word' id='word_1_183' title='bbox 552 3179 699 3264; x_wconf 88' lang='lat' dir='ltr'><strong>potestis</strong></span> <span class='ocrx_word' id='word_1_184' title='bbox 713 3179 905 3244; x_wconf 87' lang='lat' dir='ltr'><strong>advertere.</strong></span> <span class='ocrx_word' id='word_1_185' title='bbox 957 3178 1037 3244; x_wconf 85' lang='lat' dir='ltr'><strong>cito</strong></span> <span class='ocrx_word' id='word_1_186' title='bbox 1062 3187 1178 3244; x_wconf 90' lang='lat' dir='ltr'><strong>autem</strong></span> <span class='ocrx_word' id='word_1_187' title='bbox 1201 3181 1303 3245; x_wconf 89' lang='lat' dir='ltr'><strong>nobis</strong></span> <span class='ocrx_word' id='word_1_188' title='bbox 1317 3182 1392 3246; x_wconf 91' lang='lat' dir='ltr'><strong>Do-</strong></span> 
     </span>
     <span class='ocr_line' id='line_1_28' title="bbox 441 3280 1394 3362; baseline 0.003 -19"><span class='ocrx_word' id='word_1_189' title='bbox 441 3280 556 3343; x_wconf 90' lang='lat' dir='ltr'><strong>minus</strong></span> <span class='ocrx_word' id='word_1_190' title='bbox 575 3280 686 3356; x_wconf 86' lang='lat' dir='ltr'><strong>affuit,</strong></span> <span class='ocrx_word' id='word_1_191' title='bbox 701 3287 737 3343; x_wconf 95' lang='lat' dir='ltr'><strong>et</strong></span> <span class='ocrx_word' id='word_1_192' title='bbox 752 3280 845 3343; x_wconf 88' lang='lat' dir='ltr'><strong>viam</strong></span> <span class='ocrx_word' id='word_1_193' title='bbox 862 3297 932 3362; x_wconf 89' lang='lat' dir='ltr'><strong>qua</strong></span> <span class='ocrx_word' id='word_1_194' title='bbox 955 3280 1063 3343; x_wconf 88' lang='lat' dir='ltr'><strong>errori</strong></span> <span class='ocrx_word' id='word_1_195' title='bbox 1077 3287 1194 3345; x_wconf 90' lang='lat' dir='ltr'><strong>vestro</strong></span> <span class='ocrx_word' id='word_1_196' title='bbox 1217 3283 1394 3346; x_wconf 89' lang='lat' dir='ltr'><strong>contraire</strong></span> 
     </span>
     <span class='ocr_line' id='line_1_29' title="bbox 440 3378 1393 3467; baseline 0.002 -24"><span class='ocrx_word' id='word_1_197' title='bbox 440 3399 623 3463; x_wconf 81' lang='lat' dir='ltr'><strong>possemus</strong></span> <span class='ocrx_word' id='word_1_198' title='bbox 648 3379 823 3460; x_wconf 82' lang='lat' dir='ltr'><strong>ostendit3</strong></span> <span class='ocrx_word' id='word_1_199' title='bbox 845 3378 971 3443; x_wconf 87' lang='lat' dir='ltr'><strong>fratres</strong></span> <span class='ocrx_word' id='word_1_200' title='bbox 996 3379 1166 3467; x_wconf 80' lang='lat' dir='ltr'><strong>siquidem</strong></span> <span class='ocrx_word' id='word_1_201' title='bbox 1183 3382 1293 3448; x_wconf 76' lang='lat' dir='ltr'><strong>nestri</strong></span> <span class='ocrx_word' id='word_1_202' title='bbox 1315 3401 1393 3449; x_wconf 87' lang='lat' dir='ltr'><strong>car-.</strong></span> 
     </span>
     <span class='ocr_line' id='line_1_30' title="bbox 440 3479 1393 3567; baseline 0.003 -24"><span class='ocrx_word' id='word_1_203' title='bbox 440 3480 574 3545; x_wconf 88' lang='lat' dir='ltr'><strong>dinales</strong></span> <span class='ocrx_word' id='word_1_204' title='bbox 594 3479 760 3567; x_wconf 90' lang='lat' dir='ltr'><strong>(quorum</strong></span> <span class='ocrx_word' id='word_1_205' title='bbox 790 3480 967 3562; x_wconf 88' lang='lat' dir='ltr'><strong>praecipua</strong></span> <span class='ocrx_word' id='word_1_206' title='bbox 995 3480 1106 3544; x_wconf 90' lang='lat' dir='ltr'><strong>estin</strong></span> <span class='ocrx_word' id='word_1_207' title='bbox 1137 3480 1306 3545; x_wconf 86' lang='lat' dir='ltr'><strong>electione</strong></span> <span class='ocrx_word' id='word_1_208' title='bbox 1328 3500 1393 3567; x_wconf 89' lang='lat' dir='ltr'><strong>po-</strong></span> 
     </span>
     <span class='ocr_line' id='line_1_31' title="bbox 440 3575 1392 3665; baseline 0.003 -22"><span class='ocrx_word' id='word_1_209' title='bbox 440 3575 569 3664; x_wconf 85' lang='lat' dir='ltr'><strong>testas)</strong></span> <span class='ocrx_word' id='word_1_210' title='bbox 595 3598 673 3644; x_wconf 90' lang='lat' dir='ltr'><strong>cum</strong></span> <span class='ocrx_word' id='word_1_211' title='bbox 692 3578 807 3656; x_wconf 86' lang='lat' dir='ltr'><strong>clero,</strong></span> <span class='ocrx_word' id='word_1_212' title='bbox 839 3580 1003 3644; x_wconf 87' lang='lat' dir='ltr'><strong>universo</strong></span> <span class='ocrx_word' id='word_1_213' title='bbox 1033 3587 1219 3663; x_wconf 88' lang='lat' dir='ltr'><strong>expetente</strong></span> <span class='ocrx_word' id='word_1_214' title='bbox 1246 3583 1392 3665; x_wconf 92' lang='lat' dir='ltr'><strong>populo,</strong></span> 
     </span>
     <span class='ocr_line' id='line_1_32' title="bbox 439 3679 1392 3761; baseline 0.003 -18"><span class='ocrx_word' id='word_1_215' title='bbox 439 3700 518 3743; x_wconf 91' lang='lat' dir='ltr'><strong>cum</strong></span> <span class='ocrx_word' id='word_1_216' title='bbox 533 3680 780 3755; x_wconf 83' lang='lat' dir='ltr'><strong>honoratorum</strong></span> <span class='ocrx_word' id='word_1_217' title='bbox 791 3698 974 3757; x_wconf 88' lang='lat' dir='ltr'><strong>consensu,</strong></span> <span class='ocrx_word' id='word_1_218' title='bbox 990 3680 1027 3744; x_wconf 94' lang='lat' dir='ltr'><strong>in</strong></span> <span class='ocrx_word' id='word_1_219' title='bbox 1042 3679 1131 3757; x_wconf 90' lang='lat' dir='ltr'><strong>luce,</strong></span> <span class='ocrx_word' id='word_1_220' title='bbox 1140 3680 1177 3744; x_wconf 94' lang='lat' dir='ltr'><strong>in</strong></span> <span class='ocrx_word' id='word_1_221' title='bbox 1192 3681 1392 3761; x_wconf 86' lang='lat' dir='ltr'><strong>manifesto,</strong></span> 
     </span>
     <span class='ocr_line' id='line_1_33' title="bbox 438 3778 1392 3863; baseline 0.006 -21"><span class='ocrx_word' id='word_1_222' title='bbox 438 3779 594 3859; x_wconf 85' lang='lat' dir='ltr'><strong>unanimi</strong></span> <span class='ocrx_word' id='word_1_223' title='bbox 616 3785 701 3844; x_wconf 81' lang='lat' dir='ltr'><strong>voto</strong></span> <span class='ocrx_word' id='word_1_224' title='bbox 727 3785 763 3843; x_wconf 90' lang='lat' dir='ltr'><strong>et</strong></span> <span class='ocrx_word' id='word_1_225' title='bbox 789 3778 971 3857; x_wconf 88' lang='lat' dir='ltr'><strong>desiderio,</strong></span> <span class='ocrx_word' id='word_1_226' title='bbox 1003 3779 1186 3863; x_wconf 86' lang='lat' dir='ltr'><strong>elegerunt</strong></span> <span class='ocrx_word' id='word_1_227' title='bbox 1213 3781 1392 3847; x_wconf 90' lang='lat' dir='ltr'><strong>dominum</strong></span> 
     </span>
     <span class='ocr_line' id='line_1_34' title="bbox 438 3878 1393 3962; baseline 0.003 -18"><span class='ocrx_word' id='word_1_228' title='bbox 438 3879 584 3945; x_wconf 86' lang='lat' dir='ltr'><strong>Petrum</strong></span> <span class='ocrx_word' id='word_1_229' title='bbox 599 3878 809 3943; x_wconf 88' lang='lat' dir='ltr'><strong>cardinalem</strong></span> <span class='ocrx_word' id='word_1_230' title='bbox 823 3879 860 3941; x_wconf 95' lang='lat' dir='ltr'><strong>in</strong></span> <span class='ocrx_word' id='word_1_231' title='bbox 872 3878 1069 3944; x_wconf 79' lang='lat' dir='ltr'><strong>Romanum</strong></span> <span class='ocrx_word' id='word_1_232' title='bbox 1084 3880 1283 3962; x_wconf 86' lang='lat' dir='ltr'><strong>pontificem</strong></span> <span class='ocrx_word' id='word_1_233' title='bbox 1294 3879 1393 3947; x_wconf 82' lang='lat' dir='ltr'><strong>Ana-</strong></span> 
     </span>
     <span class='ocr_line' id='line_1_35' title="bbox 438 3978 1392 4065; baseline 0.004 -22"><span class='ocrx_word' id='word_1_234' title='bbox 438 3980 576 4045; x_wconf 88' lang='lat' dir='ltr'><strong>cletum.</strong></span> <span class='ocrx_word' id='word_1_235' title='bbox 629 3978 735 4043; x_wconf 89' lang='lat' dir='ltr'><strong>Hanc</strong></span> <span class='ocrx_word' id='word_1_236' title='bbox 750 3998 817 4061; x_wconf 83' lang='lat' dir='ltr'><strong>ego</strong></span> <span class='ocrx_word' id='word_1_237' title='bbox 835 3978 1037 4065; x_wconf 82' lang='lat' dir='ltr'><strong>electionem</strong></span> <span class='ocrx_word' id='word_1_238' title='bbox 1053 3981 1218 4045; x_wconf 90' lang='lat' dir='ltr'><strong>canonice</strong></span> <span class='ocrx_word' id='word_1_239' title='bbox 1236 3979 1392 4047; x_wconf 86' lang='lat' dir='ltr'><strong>celebra.-</strong></span> 
     </span>
    </p>
   </div>
   <div class='ocr_carea' id='block_1_3' title="bbox 434 4192 1509 4385">
    <p class='ocr_par' dir='ltr' id='par_1_3' title="bbox 434 4192 1509 4385">
     <span class='ocr_line' id='line_1_36' title="bbox 436 4192 1509 4285; baseline -0.001 -8"><span class='ocrx_word' id='word_1_240' title='bbox 436 4264 442 4277; x_wconf 94' lang='lat'><strong>.</strong></span> <span class='ocrx_word' id='word_1_241' title='bbox 470 4192 481 4278; x_wconf 93' lang='lat'><strong>.¹</strong></span> <span class='ocrx_word' id='word_1_242' title='bbox 496 4194 690 4277; x_wconf 52' lang='lat' dir='ltr'><strong>W&#39;Wdss:</strong></span> <span class='ocrx_word' id='word_1_243' title='bbox 707 4194 738 4244; x_wconf 78' lang='lat'><strong>⁰·</strong></span> <span class='ocrx_word' id='word_1_244' title='bbox 756 4195 809 4255; x_wconf 39' lang='grc' dir='ltr'><strong>Εὐ</strong></span> <span class='ocrx_word' id='word_1_245' title='bbox 824 4194 897 4277; x_wconf 70' lang='lat'>&#39;⁰¹3¹’</span> <span class='ocrx_word' id='word_1_246' title='bbox 960 4217 1074 4285; x_wconf 57' lang='lat' dir='ltr'><strong>&#39;numa</strong></span> <span class='ocrx_word' id='word_1_247' title='bbox 1094 4221 1124 4273; x_wconf 78' lang='lat' dir='ltr'><strong>e.</strong></span> <span class='ocrx_word' id='word_1_248' title='bbox 1141 4224 1171 4275; x_wconf 88' lang='lat' dir='ltr'><strong>c.</strong></span> <span class='ocrx_word' id='word_1_249' title='bbox 1185 4223 1220 4274; x_wconf 83' lang='lat' dir='ltr'><strong>n.</strong></span> <span class='ocrx_word' id='word_1_250' title='bbox 1236 4224 1293 4275; x_wconf 78' lang='lat' dir='ltr'><strong>ss.</strong></span> <span class='ocrx_word' id='word_1_251' title='bbox 1316 4226 1392 4277; x_wconf 75' lang='lat' dir='ltr'><strong>aa·</strong></span> <span class='ocrx_word' id='word_1_252' title='bbox 1497 4212 1509 4225; x_wconf 85' lang='lat'>&#39;</span> 
     </span>
     <span class='ocr_line' id='line_1_37' title="bbox 434 4263 1392 4385; baseline 0 -70"><span class='ocrx_word' id='word_1_253' title='bbox 434 4268 502 4385; x_wconf 59' lang='lat' dir='ltr'><strong>alstps,</strong></span> <span class='ocrx_word' id='word_1_254' title='bbox 520 4265 899 4342; x_wconf 72' lang='lat' dir='ltr'><strong>D.;volu1st1evelvolebat1s,</strong></span> <span class='ocrx_word' id='word_1_255' title='bbox 925 4291 1065 4343; x_wconf 56' lang='lat' dir='ltr'><strong>ominem</strong></span> <span class='ocrx_word' id='word_1_256' title='bbox 1076 4294 1132 4343; x_wconf 44' lang='lat' dir='ltr'><strong>El·</strong></span> <span class='ocrx_word' id='word_1_257' title='bbox 1384 4263 1392 4288; x_wconf 90' lang='lat'>’</span> 
     </span>
    </p>
   </div>
   <div class='ocr_carea' id='block_1_4' title="bbox 0 0 1554 5050">
    <p class='ocr_par' dir='ltr' id='par_1_4' title="bbox 0 0 1554 5050">
     <span class='ocr_line' id='line_1_38' title="bbox 0 0 1554 5050; baseline 0 0"><span class='ocrx_word' id='word_1_258' title='bbox 0 0 1554 5050; x_wconf 95' lang='lat' dir='ltr'><strong> </strong></span> 
     </span>
    </p>
   </div>
  </div>
 </body>
</html>
