3100 5050
450 513 517 578 450
680 526 795 577 ousrn
817 526 946 576 ιιιιιιιιιι
966 524 1182 576 inomaus.
1250 513 1335 596 [ιιιι.
1354 530 1408 578 ιιι.

450 688 564 768 linus;
582 685 682 772 cujus
696 688 790 752 bona
805 705 925 770 opera,
938 685 1067 750 famam
1083 686 1271 766 vincentia,
1287 695 1407 754 vetus·

450 795 560 854 tatem
575 789 761 854 oblivionis
777 807 800 852 a
814 807 853 852 se
869 787 1040 871 repellent
1056 789 1222 871 quamdiu
1239 789 1288 854 ibi
1304 790 1405 854 sedes

451 889 658 972 episcopalis
688 889 850 955 durabit:
882 889 919 953 iu
947 886 1075 953 Centia
1101 886 1318 954 Lanfrancus
1344 890 1407 977 (de

451 1010 520 1073 quo
546 1008 654 1073 supra
682 987 788 1077 dixi),
822 989 884 1074 qni
918 989 1001 1054 talis
1032 986 1173 1071 Anglire
1208 991 1278 1056 Dei
1314 990 1406 1057 dono

452 1085 621 1169 'emicuit

523 1239 674 1322 ‘Qualis
691 1238 881 1304 discutiens
896 1238 1067 1321 fugientia
1085 1237 1225 1304 Lucifer
1237 1246 1344 1320 astra,

603 1340 692 1406 Cum
710 1359 809 1405 roseo
826 1341 957 1405 clarum
974 1340 1135 1422 provehit
1152 1361 1212 1405 ore
1228 1341 1319 1406 diem
1332 1341 1354 1424 ;'

450 1490 501 1556 ita
518 1490 627 1575 ipsius
646 1490 821 1555 industria
835 1487 1068 1556 monasticum
1085 1509 1228 1573 germen
1243 1490 1404 1570 effloruit,

449 1591 502 1656 ita
525 1612 567 1657 eo
581 1592 721 1658 vivente
737 1591 840 1674 vigor
857 1589 1069 1675 pontificalis
1094 1591 1262 1656 induruit.
1313 1591 1403 1677 Ejus

450 1693 596 1757 consilio
620 1712 684 1757 rex
708 1712 857 1776 pronum
873 1710 912 1756 se
929 1691 1071 1769 fecerat,
1099 1699 1139 1756 ut
1160 1691 1247 1756 nihil
1269 1711 1402 1774 negan-

373 1861 375 1867 ,
450 1791 534 1857 dum
550 1792 693 1858 duceret
708 1792 802 1876 quod
824 1793 855 1857 is
871 1790 1068 1856 faciendum
1088 1791 1231 1858 diceret.
1283 1791 1402 1876 Ipsius

290 3328 345 3368 Μ).
356 3328 413 3368 1⁰8³.

451 1893 557 1958 etiam
574 1893 727 1976 impulsu
749 1894 917 1958 ambitum
934 1893 1145 1958 nebulonum
1159 1893 1323 1975 fregerat,
1341 1894 1402 1978 qni

451 2001 618 2059 consueto
638 2013 732 2058 more
752 1994 926 2077 mancipia
939 2011 1006 2058 sua
1022 1993 1231 2058 Hiberniam
1244 1993 1404 2059 vendita

451 2095 558 2160 bant:
578 2094 678 2180 cujus
695 2093 781 2159 facti
792 2095 1004 2178 praeconium
1020 2094 1077 2158 cui
1092 2095 1210 2177 potius
1223 2095 1404 2178 imputem,

453 2195 650 2260 Lanfranco
672 2216 717 2261 an
734 2195 922 2260 Wulstano
935 2194 1129 2277 Wigorniae
1153 2195 1314 2273 antistiti,
1338 2216 1404 2279 pro

452 2315 536 2360 vero
552 2316 622 2361 nou
640 2296 810 2372 discerno,
826 2297 887 2379 qni
908 2315 1037 2378 regem,
1062 2315 1127 2379 pro
1148 2295 1329 2360 commodo
1344 2316 1405 2361 ve.

451 2396 608 2461 ualitatis
621 2395 718 2480 ,quod
740 2397 808 2461 sibi
834 2395 1087 2480 pensitabatur,
1110 2397 1316 2462 renitentem
1341 2397 1405 2461 vix

452 2496 498 2562 ad
524 2495 591 2563 boc
618 2497 809 2581 coegerint,
832 2498 901 2563 nisi
924 2496 1019 2581 quod
1045 2496 1261 2563 Lanfrancus
1284 2497 1406 2563 lauda

452 2599 542 2663 verit
566 2598 773 2663 wulstanus
798 2599 1015 2683 praeceperit,
1036 2600 1245 2664 anctoritate
1269 2600 1403 2683 cpisco-

452 2700 525 2783 pali
552 2719 616 2783 pro
646 2700 859 2764 conscientia
884 2698 1081 2765 sanctitatis
1111 2699 1249 2765 abunde
1275 2701 1405 2764 exube-

451 2819 555 2879 rans3
579 2799 682 2865 homo
709 2820 780 2882 quo
801 2801 919 2864 nullus
944 2818 1098 2883 unquam
1118 2800 1260 2885 justior,
1285 2802 1403 2866 nullus

452 2908 571 2966 nostro
588 2899 706 2965 seculo
723 2920 789 2983 par
804 2900 855 2965 illi
868 2901 1068 2984 apparuerit
1080 2900 1326 2967 miraculorum
1342 2922 1405 2985 po⁴

452 3002 563 3065 tentia
588 3008 625 3066 et
647 3000 843 3084 prophetali
870 3000 997 3083 gratia,
1026 3020 1172 3082 quorum
1205 3002 1324 3085 aliqua
1350 3003 1405 3067 in.

451 3101 556 3167 tendo
570 3101 684 3166 dicere
698 3101 872 3183 posterius
889 3102 920 3165 si
934 3107 1052 3165 tamen
1064 3101 1293 3166 sanctissimis
1308 3102 1404 3167 illius

450 3201 622 3284 placuerit
635 3202 806 3266 sensibus.

503 3302 520 3385 §
536 3302 613 3367 270.
637 3301 890 3377 Veruntamen,
907 3298 990 3384 quia
1006 3301 1084 3364 alea
1099 3300 1247 3365 fortuna
1262 3299 1405 3368 incertis

445 3400 602 3486 jactibus
628 3402 792 3480 volvitur,
814 3400 926 3465 multa
954 3408 1040 3465 tunc
1060 3394 1233 3485 ²tempore
1256 3402 1405 3467 adversa

451 3522 649 3587 pervenere.
701 3497 833 3568 ³Foeda
853 3503 945 3567 inter
966 3502 1128 3568 abbatem
1150 3501 1347 3567 Glastoniae
1369 3510 1406 3568 et

451 3604 639 3669 monachos
661 3603 737 3689 ejus
764 3603 950 3681 discordia,
976 3602 1027 3667 ita
1053 3609 1094 3667 ut
1120 3608 1202 3686 post
1218 3604 1404 3668 verborum

450 3703 530 3769 lites
547 3705 592 3769 ad
609 3724 707 3769 orme
723 3711 866 3770 ventum
888 3703 946 3767 sit.
998 3701 1122 3767 Goacti
1138 3723 1222 3785 ergo
1236 3704 1330 3768 intra
1343 3724 1402 3769 ec·
1463 3712 1469 3720 ’

487 3944 642 4071 waringa]
664 3949 698 4003 A.
715 3950 744 4002 S.
763 3951 799 4003 D.
817 3952 850 4001 Ε.
867 3950 915 4012 L.;
939 3948 968 4067 ¹ip
988 3945 1111 4030 theyear
1129 3950 1202 4066 1033.
1238 3946 1406 4067 libem

451 4037 581 4085 apparui,
617 4057 624 4074 .
957 4032 1004 4067 ave
1038 4032 1122 4067 anser
1195 4031 1220 4065 m

450 4122 496 4245 ω,
509 4126 644 4207 Teium]
666 4122 701 4176 Δ·
716 4124 745 4175 c·
761 4125 798 4175 D‘
815 4124 848 4174 Ε·
866 4124 915 4185 L.;
937 4086 1406 4220 gfflewwaffipfflcfflt‘ohtiffi

476 4210 579 4259 ”imi
591 4194 620 4245 ⁸·
937 4230 1070 4292 semp,
1088 4228 1188 4278 instas
1206 4227 1236 4276 or
1249 4227 1291 4276 ue
1303 4227 1404 4292 eroga

484 4293 591 4345 ⁸Foeda
676 4292 820 4367 discordia]
850 4297 912 4347 l'bis
936 4300 1001 4365 nun,
1022 4304 1049 4349 te
1069 4298 1155 4348 which
1171 4298 1214 4347 the
1236 4298 1326 4349 monks
1347 4299 1403 4349 bad

449 4364 604 4430 disgraceful
621 4370 763 4418 contentiori
777 4368 914 4431 happened
936 4372 1000 4421 beer
1010 4368 1181 4421 accustomed.
