3100 5050
181 507 252 556 ure.
268 487 343 572 un]
416 505 530 555 ensra
553 504 681 556 nncuu
706 505 921 556 rucnoacu.
1072 489 1139 555 uu

182 671 364 748 protractu
396 664 567 742 oratione,
594 663 750 746 respexit
781 663 1044 730 archidiaconus
1075 668 1137 730 ab·

183 767 314 844 batem,
329 765 529 830 turbulento
547 765 635 830 rictu
647 763 845 830 infrendens
859 786 867 830 ε
882 767 954 844 ille,
965 786 1045 830 curn
1059 766 1137 832 diu·

184 867 256 932 tius
289 873 428 930 oratum
458 871 563 944 esset,
596 865 688 929 fores
721 885 894 948 egressus,
927 886 1138 951 causamque

183 966 424 1031 commotionis
450 973 710 1049 percunctatus,
740 985 946 1050 responsum
979 970 1136 1051 aceepit:

183 1067 245 1132 ‘Si
269 1087 325 1132 me
349 1067 548 1144 amareris,
566 1086 651 1132 eave
675 1085 719 1131 ne
742 1067 889 1132 ulterius
912 1067 979 1132 hac
1004 1089 1060 1133 me
1083 1069 1136 1131 in-

181 1168 279 1253 juria
287 1161 493 1251 ¹expungas.
527 1166 699 1232 Dominus
707 1184 807 1232 mens
816 1161 948 1246 ²Jesns,
959 1169 1138 1251 speciosus

184 1269 243 1334 ille
256 1287 331 1352 prae
348 1268 428 1332 filiis
442 1267 629 1345 hominum,
643 1267 938 1351 postulationibus
951 1271 1038 1333 meis
1053 1271 1137 1335 visi·

184 1370 302 1433 biliter
318 1370 471 1446 astabat,
485 1367 669 1433 intendens
683 1368 800 1446 dictis,
816 1376 853 1434 et
867 1371 1000 1433 serenis
1015 1369 1137 1435 favens

184 1470 318 1548 oculis;
342 1469 416 1547 sed,
432 1476 502 1533 tuae
519 1469 688 1534 orationis
708 1468 868 1534 addictus
881 1470 1059 1548 violentia,
1082 1491 1138 1536 me

184 1569 352 1647 deseruit,
384 1570 428 1634 ad
454 1577 490 1635 te
516 1587 726 1635 conversus:
760 1578 858 1654 puto·
873 1570 967 1654 quod
1000 1571 1138 1655 tuipse

185 1692 257 1736 non
273 1669 474 1735 diffiteberis
496 1688 572 1734 esse
594 1689 704 1754 genus
725 1671 864 1755 injuriae
886 1672 916 1735 si
938 1671 1050 1736 amico
1072 1673 1139 1737 eri·

99 1769 102 1773 ’
184 1773 263 1855 pias
277 1778 454 1836 auctorem
471 1771 595 1836 salutis
609 1791 695 1838 suae.
735 1770 914 1836 Praeterea
925 1774 1139 1855 praenoveris

186 1872 437 1938 mortalitatem
466 1871 656 1949 homiuum,
690 1878 726 1936 et
752 1871 833 1936 huic
856 1873 935 1937 loco
962 1873 1140 1938 imminere

188 1973 384 2053 excidium3
408 1973 508 2057 cujus
525 1973 734 2058 conjecturae
751 1973 890 2054 signum
906 1973 1030 2052 habeo,
1046 1974 1139 2058 quod

188 2075 353 2157 angelum
371 2073 513 2139 Domini
539 2093 644 2157 super
662 2073 773 2137 altare
796 2080 947 2138 stantem
964 2074 1036 2139 vidi
1057 2093 1139 2139 eva-

189 2176 349 2258 ginatum
380 2174 534 2258 gladium
556 2175 739 2256 stringere,
762 2181 798 2238 et
819 2172 887 2237 huc
909 2175 1062 2257 illucque
1084 2195 1140 2239 ro·

185 2283 277 2341 tare.
332 2275 475 2340 Futurae
492 2274 602 2340 cladis
622 2275 812 2339 notabilius
829 2273 940 2339 babeo
962 2276 1141 2354 indicium,

190 2376 285 2460 quod
307 2376 383 2462 jam
405 2377 541 2460 spissus
571 2382 607 2440 et
630 2376 818 2440 nebulosus
844 2394 905 2440 aer
928 2377 1141 2460 provinciam
1174 2361 1177 2368 ¹

190 2479 296 2543 istam
326 2477 566 2554 circumvolat,
588 2483 629 2541 nt
649 2476 760 2542 vides.
814 2475 1032 2542 Maturemus
1058 2497 1141 2561 ergo

190 2580 403 2663 profugium,
417 2580 486 2643 nisi
497 2596 575 2643 cnm
590 2578 668 2641 aliis
679 2578 827 2643 velimus
842 2577 959 2641 subire
973 2579 1143 2643 exitium?

192 2680 263 2744 His
298 2679 400 2743 dictis
433 2680 648 2743 introeuntes
673 2678 913 2755 diversorium,
946 2679 991 2743 ad
1024 2698 1143 2743 curam

191 2782 348 2865 corporis
381 2780 561 2859 assedere3
595 2780 830 2861 continuoque
858 2779 1006 2861 dapibus
1037 2798 1145 2863 appo-

187 2883 284 2959 sitis,
314 2888 457 2945 exortus
478 2881 515 2943 in
540 2880 644 2945 domo
666 2879 782 2944 luctus
805 2880 1008 2943 aviditatem
1034 2882 1144 2945 esuri·

192 2983 326 3047 entium
343 2982 520 3065 repressit,
544 2980 714 3063 siquidem
736 2999 827 3043 unus
845 2987 880 3044 et
894 2980 995 3058 alter,
1010 2987 1046 3044 et
1061 3000 1145 3045 mox

192 3084 311 3166 plures
327 3100 346 3146 e
361 3082 506 3159 familia,
523 3082 666 3145 dubium
684 3100 755 3165 qua
771 3079 922 3163 pernicie
932 3074 1145 3164 ⁸intercepti,

194 3184 329 3247 ammas
341 3183 458 3247 subito
476 3183 633 3247 amisere.
666 3181 756 3245 Tum
773 3181 894 3245 eadem
909 3188 1009 3264 peste
1023 3202 1084 3265 per
1094 3182 1147 3246 vi-

194 3283 290 3347 cinas
315 3284 407 3349 aedes
433 3289 630 3365 grassante,
652 3282 806 3346 ascensis
826 3281 932 3345 mulis
949 3282 1146 3365 diffugiunt,

194 3383 449 3449 festinationem
467 3384 534 3449 viae
549 3382 699 3448 stimulis
715 3374 869 3446 *timoris
885 3383 1130 3448 accelerantes

266 3577 314 3625 DE
338 3576 505 3625 nulscouo
529 3576 599 3623 PER
623 3574 805 3623 SIMONIAM
829 3575 1075 3623 lNTRODUOE'O.

245 3686 263 3770 §
289 3686 364 3751 265.
390 3685 434 3750 In
463 3683 583 3749 Gallia
608 3664 801 3767 ⁵vicepapa
831 3684 1043 3768 praesederat
1067 3703 1148 3749 con-

195 3787 297 3868 cilio;
321 3787 370 3850 ibi
392 3786 508 3870 plures
529 3784 694 3868 episcopi,
712 3785 794 3849 olim
817 3805 879 3868 per
905 3786 1087 3849 simoniam
1109 3786 1146 3849 in

234 3978 659 4046 ¹Exrvee·]A·G·D·E·⁵·³
722 4010 1149 4076 *rumpasennans

201 4052 402 4186 0¹p¹¹fflffi
416 4121 447 4171 c·
458 4120 494 4173 D·
506 4122 539 4171 E·
551 4120 599 4181 L&
616 4120 661 4169 re·
686 4085 896 4134 omittedinul.

202 4206 243 4241 sus
254 4193 381 4253 Christus,
393 4190 422 4241 S.
721 4221 731 4251 ὅ

198 4264 212 4343 ¹.
237 4258 413 4345 ⁸Intereepti.]
433 4260 466 4311 A.
481 4262 511 4312 0.
523 4260 560 4312 D.
570 4260 603 4311 E.
616 4260 661 4320 L.;
688 4292 722 4346 A·

205 4336 354 4397 mteremptr,
364 4332 394 4383 S.

735 4218 887 4345 gissepopn]
902 4224 932 4276 C.
939 4224 972 4275 Ε.
981 4240 989 4286 ς
999 4223 1054 4273 vice
1065 4238 1152 4288 papae,
