3100 5050
168 539 241 588 ure.
260 524 313 606 v.]
403 542 517 593 ensrs
536 543 664 592 arcun
687 543 903 593 suenorum.
1055 529 1121 593 645

169 694 294 760 biles.'’
341 699 447 764 Dices
460 700 580 785 itaque
597 706 620 736 “
631 701 704 766 Mei
718 701 784 777 hoo
796 700 886 785 juris
900 701 988 766 est.''
1034 700 1118 768 Non
1163 739 1164 743 =

169 797 312 880 utique:
337 818 406 863 uon
428 808 483 866 est
506 801 780 886 imperatorium,
802 821 871 865 non
892 801 1038 884 regium,
1054 803 1115 866 sed

169 895 346 978 divinum;
362 900 470 964 solius
482 901 577 965 illius
592 903 721 985 estqui
734 902 825 967 dixit
836 907 860 937 “
872 902 948 984 Ego
963 921 1039 967 sum
1057 921 1113 966 os-

168 997 293 1062 tium.”
344 999 446 1064 Unde
461 1020 525 1083 pro
539 1001 616 1085 ipso
631 1010 665 1067 te
679 1021 778 1084 rogo,
792 1003 893 1087 cujus
908 1001 973 1066 hoc
987 1021 1113 1067 munus

166 1104 234 1174 est,
248 1105 289 1162 ut
300 1097 426 1164 reddas
440 1099 505 1165 hoe
520 1101 608 1185 ipsi;
624 1102 691 1185 ipsi
707 1102 874 1178 dimittas,
889 1102 988 1185 cujus
1003 1103 1113 1166 amori

166 1197 273 1261 etiam
289 1216 368 1280 quae
382 1207 445 1265 tua
470 1208 552 1266 suut
570 1201 686 1267 debes.
737 1201 815 1266 Nos
834 1209 950 1267 autem
966 1221 1029 1265 cur
1041 1210 1111 1267 tuae

165 1298 400 1362 obniteremur
415 1301 600 1379 voluntati,
616 1321 679 1366 eur
699 1302 944 1367 obsisteremus
966 1303 1109 1384 gratiae3

165 1397 234 1460 nisi
248 1397 329 1475 Dei,
343 1400 380 1464 in
394 1399 498 1485 hujus
514 1402 646 1482 negotii
658 1421 842 1479 consensu,
856 1402 1021 1466 sciremus
1047 1422 1110 1467 nos

164 1496 340 1562 voluntati
360 1500 513 1592 obviare,
538 1502 688 1583 gratiam
709 1502 895 1567 amitteret
947 1500 1019 1565 Cur
1046 1503 1110 1567 tibi

165 1598 351 1681 quicquam
373 1619 591 1683 negaremus,
612 1601 705 1684 quod
730 1603 892 1685 cuiquam
914 1609 1006 1666 esset
1021 1621 1110 1666 mor-

163 1697 288 1762 talium
313 1700 580 1779 concedendum,
605 1721 684 1766 cum
708 1702 877 1766 beneficia
905 1699 948 1766 de
974 1709 1008 1766 te
1034 1721 1109 1766 am·

162 1797 278 1880 pliora
301 1801 573 1884 sumpserimus?
625 1801 790 1884 Prospice
804 1802 872 1889 (fili
893 1799 1110 1888 charissime)

163 1905 282 1962 utrum
302 1898 407 1964 decus
421 1920 467 1965 an
484 1900 632 1966 dedecus
648 1901 713 1967 tibi
734 1902 792 1979 sit,
810 1902 901 1986 quod
924 1902 1109 1984 sapientis·

162 1998 272 2062 simus
291 2019 333 2064 ae
349 2001 628 2083 religiosissimus
646 2000 908 2066 Gallicanorum
931 2002 1110 2084 episcopo·

162 2118 241 2162 rum
265 2097 452 2164 Anselmus
474 2109 616 2185 propter
636 2101 703 2166 hoc
722 2109 783 2166 tuo
799 2103 899 2166 lateri
921 2101 1108 2181 adhaerere,

161 2204 224 2262 tuo
238 2207 379 2265 veretur
391 2201 428 2264 in
443 2220 551 2283 regno
565 2203 765 2267 consistere.
811 2201 882 2281 Qui
899 2208 1000 2266 tanta
1016 2201 1058 2266 de
1072 2209 1108 2267 te

161 2298 257 2362 bona
280 2299 447 2364 haetenus
473 2299 668 2379 audierant,
695 2302 845 2386 quidde
872 2309 907 2366 te
932 2302 1106 2366 sentienti

160 2397 246 2481 quid
262 2398 459 2482 loquentur,
476 2420 554 2464 eum
577 2401 642 2466 hoc
658 2401 764 2466 fuerit
782 2403 819 2466 in
844 2401 1041 2484 regionibus
1055 2401 1107 2465 di·

159 2499 369 2581 vulgatuml
421 2500 495 2585 Ipsi
510 2500 570 2585 qui
583 2520 698 2567 coram
714 2509 750 2567 te
766 2509 846 2567 tuos
865 2519 1030 2566 excessus
1045 2519 1107 2565 ex·
1159 2528 1161 2532 ·

160 2599 302 2678 tollunt,
326 2620 404 2665 cum
427 2602 614 2685 praesentia
636 2609 698 2667 tua
727 2603 913 2679 caruerint,
940 2602 1006 2666 hoc
1027 2622 1107 2685 pro-

161 2698 254 2765 iecto
276 2700 425 2766 validius
454 2701 682 2768 infamabunt.
735 2702 826 2767 Redi
853 2721 937 2785 ergo
959 2701 1107 2788 (charis-

161 2800 249 2865 sime
260 2798 329 2885 fili)
343 2801 387 2866 ad
404 2820 464 2866 cor
476 2808 575 2866 tuum
595 2809 737 2886 propter
752 2801 1022 2866 misericordiam
1039 2802 1108 2866 Dei

160 2906 197 2965 et
210 2908 353 2983 propter
363 2920 515 2965 amorem
528 2902 707 2985 Unigeuiti
722 2902 965 2985 deprecamur:
982 2921 1108 2967 revoca

161 3008 336 3083 pastorem
355 3008 466 3078 tuum,
482 3010 608 3067 revoca
621 3009 755 3084 patrem
773 3008 893 3081 tuum;
912 3009 947 3067 et
965 3001 1107 3084 siquid,

160 3101 255 3183 quod
269 3121 338 3165 non
354 3102 547 3184 opinamur,
562 3101 703 3184 gravius
719 3100 886 3168 adversus
901 3108 936 3166 te
949 3101 1108 3183 gesserit,

161 3202 192 3265 si
205 3201 433 3265 investituras
449 3200 631 3266 aversatus
646 3201 765 3279 fueris,
788 3220 850 3265 nos
863 3201 969 3286 juxte
983 3201 1107 3266 volun-

162 3307 271 3365 tatem
282 3308 392 3378 tuam,
406 3308 575 3384 quantum
591 3321 670 3366 cum
688 3302 766 3366 Deo
777 3320 973 3384 possumus,
990 3301 1107 3366 mode-

160 3401 337 3465 rabimur:
361 3408 531 3466 tutamen
544 3402 626 3466 talis
641 3402 788 3484 repulsae
802 3401 980 3465 infamiam
994 3421 1015 3465 a
1030 3420 1108 3483 per-

161 3519 249 3566 sona
265 3508 328 3565 tua
344 3508 379 3565 et
394 3520 502 3583 regno
521 3520 711 3566 removeas.
763 3500 854 3565 Haec
869 3502 899 3565 si
916 3498 1050 3578 seceris
1073 3509 1109 3567 et

161 3602 192 3666 si
208 3600 333 3683 gravia
344 3601 510 3684 quaelibet
523 3621 546 3666 a
559 3600 659 3666 nobis
673 3601 825 3684 petieris
843 3620 921 3684 quae
936 3608 1013 3664 e'um
1030 3601 1108 3665 Deo
1192 3653 1196 3659 .

160 3701 308 3784 praeberi
320 3701 471 3766 facultas
493 3702 551 3780 sit,
573 3700 728 3785 proiecto
744 3700 977 3784 consequeris,
995 3707 1030 3764 et
1045 3719 1109 3782 pro

160 3809 196 3866 te
211 3801 400 3866 Dominum
422 3801 501 3885 ipso
520 3801 710 3886 adjuvante
724 3819 870 3865 exorare
890 3800 1085 3865 curabimus
1099 3822 1108 3880 ;

161 3901 257 3967 etde
280 3901 434 3983 peccatis
448 3908 519 3965 tam
537 3902 601 3967 tibi
621 3920 725 3985 quam
739 3901 882 3986 conjugi
906 3909 988 3978 tuae,
1009 3918 1111 3963 sanc·

161 4009 275 4066 torum
293 4001 531 4083 apostolorum
552 4002 697 4078 meritis,
715 4001 968 4081 indulgentiam
992 4006 1026 4063 et
1050 4000 1110 4062 ab·

162 4102 368 4166 solutionem
384 4100 559 4165 faciemus.
602 4100 730 4165 Filium
746 4108 864 4164 autem
880 4108 990 4177 tuum,
1006 4118 1107 4182 quem

162 4220 205 4265 ex
220 4199 401 4285 spectabili
416 4207 451 4264 et
465 4201 617 4283 gloriosa
631 4200 780 4284 conjuge
794 4200 989 4282 suscepisti,
1005 4218 1108 4281 quem

167 4301 224 4389 (ut
250 4297 462 4384 audivimus)
492 4302 623 4383 egregii
655 4301 764 4383 patris
781 4300 947 4365 Willelmi
976 4299 1113 4365 nomine

889 4400 911 4463 2
935 4417 957 4464 u
