3100 5050
152 534 301 617 maru]
382 552 497 599 cussa
521 550 647 598 aucun
672 551 885 599 arenosum
1037 537 1104 601 593

150 706 288 771 eximiis
303 706 470 773 militibus
485 708 580 773 solus
591 728 679 792 pene
690 715 905 774 remanserat
915 718 1103 793 superstes.
1117 735 1213 776 ennea

152 807 211 871 Ita
228 809 393 873 recreatis
418 810 542 873 animis
561 810 628 873 iter
641 810 764 887 moliti,
780 810 1007 893 undecunque
1024 812 1104 876 belli
1115 787 1268 879 waru-

151 909 356 973 occasiones
388 911 602 993 quaerebant.
649 909 766 974 Sensit
791 911 885 974 sitim
916 910 1104 975 furentium

150 1009 264 1090 prima
280 1009 456 1074 Tortuosa
478 1010 624 1089 civitas;
649 1030 719 1093 qua
733 1030 882 1094 pervasa
904 1018 939 1074 et
958 1010 1105 1095 direpta,
1201 1028 1207 1044 “

150 1128 221 1172 uon
256 1110 430 1174 modicum
460 1111 655 1194 praeteritas
690 1130 863 1174 aerumnas
893 1110 1127 1176 relevarunt‘

151 1206 242 1272 Inde
257 1209 302 1273 ad
317 1212 500 1293 angustias
524 1212 567 1274 de
585 1212 710 1294 quibus
733 1212 891 1293 superius
913 1210 988 1274 dixi
1002 1232 1105 1276 vene-

151 1316 247 1385 runt,
265 1310 325 1373 ubi
342 1331 401 1375 eos
423 1332 487 1375 rex
505 1310 714 1396 jampridem
737 1311 967 1393 operiebatur,
985 1320 1106 1376 contra

151 1409 301 1487 Turcos,
318 1411 350 1474 si
363 1411 545 1494 probibere
561 1411 703 1488 vellent,
721 1431 821 1493 opem
836 1411 983 1475 laturus
1018 1413 1105 1498 Ejus

151 1510 284 1575 virtute
300 1510 443 1589 defensi,
458 1517 493 1574 et
507 1511 658 1592 benigno
675 1510 767 1594 apud
782 1509 806 1575 J
809 1531 933 1594 oppem
955 1512 1106 1595 hospitio

150 1611 318 1694 suscepti,
330 1610 580 1695 lerosolymam
597 1612 756 1694 proximo
772 1610 911 1675 Pascha
922 1614 1107 1677 contende-

153 1716 257 1791 runt;
290 1712 349 1775 ubi
371 1718 632 1775 sacrosanctum
657 1712 774 1793 ignem
803 1712 894 1775 laetis
917 1712 1106 1777 hauserunt

153 1810 277 1888 oculis,
294 1811 429 1875 devotis
451 1811 641 1875 adorarunt
661 1812 797 1875 animis.
851 1811 939 1875 Post
956 1812 1030 1877 baec
1052 1834 1105 1878 re·

153 1912 247 1974 versi
262 1910 286 1976 J
289 1932 426 1994 oppam,
441 1912 593 1975 ascensis
617 1912 777 1989 navibus,
794 1912 944 1995 patriam
959 1914 1105 1997 quisque

153 2030 255 2074 suam
280 2012 392 2075 redire
421 2011 674 2075 meditabatur:
706 2031 852 2095 quorum
875 2011 1104 2090 Pictaveusis,

154 2112 322 2175 continua
351 2113 447 2175 venti
475 2111 707 2195 prosperitate
732 2116 929 2195 provectus,
956 2114 1106 2196 patriam

155 2213 271 2276 tenuit
284 2232 294 2291 3
318 2212 434 2276 caeteri
447 2208 542 2276 retro
557 2211 727 2276 violenter
740 2213 822 2276 acti.

193 2312 227 2396 ὅ
244 2311 322 2376 384.
345 2310 369 2376 J
372 2331 428 2375 am
442 2332 524 2375 vero
541 2331 660 2376 mense
676 2312 772 2376 Maio
792 2306 1003 2389 ¹inchoante,
1015 2313 1104 2376 Tur·
1119 2338 1255 2399 armana.

153 2412 199 2476 ci.
215 2420 251 2477 et
277 2410 412 2477 Arabes
442 2411 629 2476 Ramulam
663 2412 883 2489 obsederunt,
918 2414 1104 2495 superioris
1118 2389 1267 2479 lblttll‘

154 2514 239 2578 anni
253 2512 430 2591 damnum,
441 2513 524 2577 novi
537 2512 711 2577 exercitus
723 2513 975 2596 supplemento,
986 2513 1106 2579 eodem
1161 2547 1166 2550 ·

154 2614 350 2678 reficientes
374 2633 528 2685 numero.
582 2613 775 2696 Episcopus
798 2615 905 2692 urbis,
921 2615 1108 2697 prudenter

156 2713 420 2798 opportunitate
446 2720 615 2796 spectata,
642 2714 736 2778 cavit
762 2715 829 2778 sibi
849 2715 938 2791 loco,
957 2715 1107 2799 Joppem

156 2813 309 2879 latenter
323 2813 509 2897 profectus
560 2812 712 2896 Jamque
726 2835 791 2878 rex
805 2815 950 2892 exierat,
966 2817 1108 2880 credens

156 2915 248 2981 salso
260 2914 494 2978 asserentibus
509 2934 580 2977 non
595 2933 670 2978 esse
681 2915 798 2979 hostes
811 2915 995 2998 plusquam
1007 2915 1107 2998 quin-

151 3021 305 3097 gentos:
328 3015 447 3098 itaque
471 3033 535 3078 neo
561 3014 670 3078 aciem
697 3014 858 3096 dirigere,
884 3035 947 3078 nec
973 3015 1107 3098 pedites
1128 3027 1134 3036 ’

155 3133 352 3180 convocare
381 3114 528 3192 curavit,
551 3120 687 3177 tantum
711 3115 838 3179 milites
866 3135 982 3197 regem
1009 3115 1108 3199 sequi

156 3215 353 3279 cornicines
370 3221 601 3294 monuerunt3
625 3213 772 3278 multum
797 3214 915 3279 amicis
933 3215 1108 3280 suadenti-

157 3315 224 3378 bus
239 3322 282 3379 ut
295 3314 489 3378 'lurcorum
502 3313 642 3378 fraudes
659 3322 809 3380 caveret.
847 3314 1013 3397 Stephani
1028 3316 1108 3392 duo,

155 3414 338 3480 Blesensis
370 3421 405 3478 et
431 3414 655 3496 Burgundus,
683 3435 800 3497 regem
826 3415 923 3498 equis
950 3414 1109 3492 insecuti,

156 3533 203 3578 ne
230 3513 367 3579 desides
394 3520 430 3577 et
453 3514 603 3601 inglorii,
632 3515 694 3578 sed
723 3513 942 3596 triumphalis
972 3535 1110 3599 pompae

154 3607 320 3691 ²conscii,
337 3621 447 3677 terras
471 3620 665 3696 repeterent
678 3633 781 3693 suas;
804 3615 865 3678 sed
885 3613 989 3678 aliam
1005 3635 1110 3699 quam

154 3715 393 3797 opinabantur
415 3712 573 3795 gloriam,
599 3715 703 3777 aliam
719 3715 914 3790 victoriam,
937 3715 1110 3797 parabant

157 3815 236 3879 lata
252 3813 349 3878 viris
403 3813 564 3896 Namque
589 3834 664 3891 rex,
680 3815 755 3878 visa
777 3815 929 3879 hostium
954 3815 1112 3879 multitu-

156 3914 255 3991 dine,
285 3914 368 3978 dum
394 3932 431 3976 se
453 3912 658 3977 frustratum
683 3915 845 3996 opinione
877 3923 1111 3996 cognosceret,

156 4013 214 4078 ira
239 4021 390 4078 mentem
414 4013 564 4091 sauciuS,
597 4020 632 4077 et
655 4015 952 4096 magnanimitatis
979 4017 1112 4078 consci-

195 4286 204 4319 ¹
218 4280 376 4353 Iactabam]
391 4285 459 4336 8.(3.
471 4287 505 4336 D.
515 4289 563 4349 E.;
576 4303 626 4336 me·
687 4286 697 4316 ¹
710 4285 831 4357 Conscia]
842 4289 876 4341 A.
886 4291 914 4340 S.
925 4291 955 4340 C.
964 4292 999 4342 D.
1010 4294 1039 4343 Ε.
1048 4294 1116 4354 t1.;

155 4361 260 4421 diante,
270 4357 303 4407 l.
315 4359 346 4406 L.
652 4361 771 4423 consocii,
782 4363 837 4411 112.
