3100 5050
171 507 240 554 mn.
258 490 310 572 v.]
404 508 519 558 orsus
542 509 670 558 unouu
694 507 909 557 suenorum
1060 483 1150 558 631'

170 665 297 750 majori
327 685 432 732 manu
462 666 609 732 militnm
637 686 742 750 quam
776 667 920 732 timebat
956 675 1123 753 exceptus

171 773 318 830 mortem
330 767 531 844 maturavit,
549 767 678 831 crebris
699 768 825 832 ictibus
840 767 941 849 galea
956 774 1123 850 quassata

170 868 350 931 cerebrum
365 867 528 932 violatus.
580 867 732 932 Causam
754 868 871 932 ferunt
896 869 1006 932 morbi
1034 887 1121 950 aug·
1219 915 1230 930 .

170 966 330 1048 meritati,
347 965 440 1049 quod
456 986 499 1030 ea
512 965 568 1030 die
590 967 710 1031 allium
725 987 804 1031 cum
826 986 915 1033 auca
927 986 1120 1050 praesump-

170 1066 269 1144 serit,
297 1085 362 1131 nec
387 1072 489 1131 noete
511 1087 636 1131 venere
659 1067 876 1132 abstinuerit.
929 1066 1001 1131 Hie
1024 1066 1119 1130 intu-

170 1167 323 1230 ebuntur
346 1165 478 1249 posteri
499 1167 664 1230 eximium
683 1167 822 1248 regalis
836 1166 977 1249 pietatis
1002 1185 1119 1230 exem-

168 1265 279 1347 plum,
302 1265 394 1348 quod
424 1265 594 1330 medicum
624 1266 872 1349 peritissimum
902 1265 1118 1330 decumbenti

166 1363 323 1444 miserit3
349 1364 622 1448 illachrymatus,
646 1366 676 1429 si
699 1366 883 1442 credimus,
897 1365 1016 1430 morbo
1038 1385 1117 1448 per-

166 1465 233 1542 ire,
261 1485 363 1547 quem
398 1485 463 1548 pro
495 1464 724 1529 admiratione
747 1465 958 1530 fortitudinis
988 1465 1117 1530 salvari

167 1564 361 1631 maluisset.
399 1564 944 1649 SuocessorejusKarolusnulla
958 1565 1117 1630 molestia
1129 1581 1251 1621 tunm

166 1664 262 1732 vires
286 1665 379 1746 regis
402 1665 630 1747 inquietavit3
653 1665 764 1748 primo
781 1665 910 1729 ioedere
935 1683 1116 1748 suspenso,

165 1783 253 1836 mox
281 1765 387 1830 etiam
419 1757 686 1842 ¹consummato,
716 1765 903 1830 amicitiam
935 1764 1011 1848 ejus
1042 1761 1116 1829 am-¹

166 1863 304 1944 plexus.

171 2010 176 2020 .
219 1962 238 2046 ς
262 1963 337 2027 404.
361 1962 545 2046 Philippus
576 1982 640 2026 rex
665 1962 879 2028 Francorum
901 1965 975 2045 regi
997 1969 1117 2028 nostro
1130 1977 1263 2066 Ppgrirkinr

167 2082 234 2127 neo
252 2055 366 2127 ²utilis
381 2084 445 2128 neo
457 2062 606 2127 infestus
622 2061 700 2139 fuit,
715 2070 900 2145 propterea
916 2063 1009 2147 quod
1026 2039 1142 2127 esset⁰
1187 2038 1245 2066 ”m

166 2162 285 2228 uentri
298 2163 410 2245 magis
420 2182 526 2244 quam
541 2160 689 2244 negotiis
706 2162 859 2241 deditus.
870 2182 934 2227 nec
948 2169 1117 2245 praeterea

166 2262 204 2326 in
218 2262 373 2327 castellis
390 2262 465 2346 ejus
487 2261 761 2342 collimitaneus;
786 2281 899 2345 pauca
920 2263 1025 2338 enim,
1039 2281 1118 2344 quae

166 2369 252 2428 tuno
277 2362 428 2427 habebat
453 2362 491 2426 in
517 2349 747 2439 Normannia,
771 2362 883 2444 magis
913 2361 1118 2426 Brittanniae

168 2481 277 2545 quam
296 2461 454 2527 Franciae
468 2461 584 2528 vicina
604 2469 724 2527 erant:
747 2461 837 2527 adde
859 2461 951 2546 quod
973 2455 1044 2548 (³ut
1060 2481 1118 2527 su·

165 2690 212 2741 lile
223 2691 251 2739 in
261 2691 305 2741 the
322 2695 464 2753 monastery
474 2690 504 2739 oi
516 2689 554 2739 St
567 2689 631 2739 Ber·
655 2695 765 2753 ceratus,
784 2690 861 2741 tantis
876 2689 998 2739 laudibus
1016 2690 1120 2752 effulsit,

165 2762 213 2829 tin,
225 2761 311 2811 where
321 2761 415 2811 hewas
425 2760 525 2812 buried.
543 2760 632 2820 Meye·
655 2764 685 2809 ut
700 2759 769 2809 ieme
780 2762 881 2810 virtutis
900 2762 955 2823 ejus
972 2775 1018 2821 per
1034 2773 1119 2810 omnes

167 2846 213 2880 rus
229 2829 310 2895 (Ann.
322 2831 413 2880 Fland.
433 2829 569 2880 lib.1v.ed
589 2845 631 2879 en.
655 2830 839 2880 diffunderetur
848 2832 978 2893 regiones:
994 2831 1068 2892 cnjus
1086 2831 1120 2879 si-

168 2898 256 2964 1119),
268 2902 369 2950 eitedin
380 2901 579 2963 Bouquet,1111.
590 2904 632 2961 14,
656 2905 700 2949 cut
718 2901 799 2949 virtus
818 2914 896 2961 supro
914 2899 1015 2949 modum
1036 2900 1119 2949 aetatis

167 2972 257 3021 writes
262 2969 297 3020 'oi
303 2968 355 3020 this
365 2972 435 3021 earl:
446 2971 502 3019 ‘Eo
512 2974 634 3032 tempore,
655 2972 712 3032 ejus
727 2971 867 3020 subitaneis
883 2968 1042 3019 incrementis
1058 2970 1119 3035 emi-

166 3041 299 3090 Henrieus
310 3041 450 3103 Anglorom
467 3054 512 3089 rer
530 3039 632 3088 fratrem
656 3041 719 3104 cuit,
729 3041 770 3089 sie·
780 3040 881 3089 occulte
892 3040 943 3088 Dei
954 3038 1118 3101 dispositione

166 3124 244 3161 suum
260 3111 399 3160 Robertunr
410 3109 574 3159 Normanniae
585 3108 633 3159 du·
656 3112 748 3171 coeptis
759 3110 815 3172 ejus
831 3110 958 3171 obviante,
969 3110 1013 3157 diu
1025 3108 1118 3157 durare

165 3196 223 3231 cem
234 3181 268 3230 de
278 3181 357 3231 Terra
366 3182 460 3231 Sancta
468 3183 633 3229 revertentem
656 3193 705 3229 non
723 3180 815 3241 potnit.
851 3180 919 3228 Nam
942 3192 1000 3227 cum
1022 3178 1117 3227 dictum

166 3252 194 3301 in
205 3251 310 3302 vincula
328 3251 445 3314 conjecit,
456 3249 566 3310 eoquod
576 3264 633 3311 reg·
650 3251 771 3311 juvenem
778 3249 944 3299 Guillelmum
955 3249 981 3297 in
988 3253 1119 3311 paternam

164 3336 228 3370 num
237 3321 351 3384 Angliae,
361 3320 527 3369 utmaximus
537 3319 634 3380 stirpis,
655 3320 828 3369 hereditatem
857 3318 987 3369 restituere
1021 3318 1119 3379 nititur,

165 3391 237 3453 quod
254 3390 299 3440 ille
314 3393 490 3451 occupaverat,
500 3393 632 3451 repeteret.
656 3390 887 3449 Normanniamque
901 3389 997 3449 saepius
1007 3386 1119 3449 infestat,

166 3461 253 3525 Oujns
270 3461 338 3510 tilius
349 3460 504 3511 Gnillelrnus
520 3458 633 3507 exhaere-
655 3464 728 3509 scuto
746 3459 838 3521 ipsius,
854 3462 884 3506 ut
899 3457 987 3516 fertur,
1005 3457 1058 3506 ictu
1075 3471 1119 3505 eu·

166 3531 245 3581 dutus
267 3530 302 3579 ad
323 3530 391 3579 huuc
413 3528 569 3578 Baldninum
591 3543 632 3578 co·
651 3530 756 3592 jusdam
775 3528 863 3577 militis
880 3528 955 3575 fronti
970 3528 1025 3588 ejus
1043 3527 1120 3585 illiso,

119 3593 127 3603 “
166 3603 255 3649 mitem
265 3600 480 3662 consanguineum
491 3612 632 3647 suumeon·
656 3600 766 3662 g'mviter
782 3596 947 3658 uulneratum⁴
966 3610 1047 3657 eoque
1063 3596 1120 3644 vul·

164 3669 251 3733 fugit:
268 3682 344 3731 quem
360 3670 409 3719 iste
419 3682 504 3718 eomes
518 3668 631 3717 nubieus
656 3685 715 3719 nere
733 3668 836 3717 tandem
853 3668 931 3717 vitam
950 3680 1009 3715 eum
1029 3666 1122 3727 prinei·

165 3745 193 3789 et
215 3740 369 3789 militaribus
395 3738 473 3788 armis
495 3739 632 3798 instruens,
656 3744 728 3801 patu,
738 3738 810 3787 nulla
821 3738 957 3799 superstite
968 3735 1048 3797 prole,
1059 3736 1121 3783 ami·

165 3826 225 3860 eum
247 3824 342 3859 annum
363 3808 490 3857 decimum
514 3812 632 3857 octavum
656 3810 699 3872 sit,
709 3823 774 3857 anno
786 3808 827 3856 sui
836 3807 995 3869 principatus
1005 3804 1122 3854 octavo),

165 3880 304 3942 attigisset,
314 3883 402 3929 contra
420 3882 539 3939 patruum
557 3891 632 3926 snum
692 3908 701 3941 1
726 3907 927 3971 emmam
959 3908 989 3957 c·
1012 3906 1048 3956 D·
1072 3906 1120 3966 Εὐ

165 3950 271 4012 Angliae
282 3964 369 4012 regem
376 3948 583 3997 Henrienmeum
593 3962 633 3995 re·
657 3982 810 4041 confirmato,
821 3978 855 4027 A·
868 3978 896 4027 S·
909 3978 940 4026 L·

164 4019 262 4072 bellare
278 4020 426 4079 admonens,
442 4031 511 4078 saepe
527 4031 586 4066 enm
602 4031 633 4066 eo
691 4058 818 4131 mmm]
836 4045 869 4112 A«.
878 4062 907 4111 3.
919 4063 949 4111 c.
959 4062 994 4126 D·
1007 4061 1121 4121 EM&

166 4090 352 4139 Normanniam
373 4088 493 4149 gravibus
510 4087 634 4137 incursio-
660 4137 665 4149 ,
716 4136 741 4147 ..

164 4158 397 4210 nibusiniestabat.
433 4157 476 4205 Sic
491 4171 552 4218 ergo
558 4158 633 4219 juve·
658 4136 766 4196 mutuis,
780 4134 836 4182 ΕῙ·
1083 4202 1086 4207 Ι

166 4230 208 4278 nis
226 4230 275 4278 iste
286 4227 440 4288 Balduinus,
451 4226 526 4275 bellis
544 4240 633 4275 assue-
694 4218 705 4248 ³
719 4222 755 4269 Ut
765 4218 877 4283 superius
887 4217 965 4280 etat]
983 4215 1030 4267 See
1042 4214 1124 4277 1111,

165 4305 210 4349 tus
221 4297 430 4360 etfrequentibus
445 4296 580 4357 triumphis
591 4295 635 4344 de·
659 4308 686 4354 p.
699 4294 757 4340 403.

940 4374 1008 4420 ara
