3100 5050
423 507 490 578 752
695 520 1093 574 ‘n1sron1nnovnnan
1219 505 1306 588 [arn.
1323 517 1381 566 nr.

286 714 299 740 ,ι
315 712 365 744 om
426 683 523 748 tricis
537 681 697 746 fidelibus
711 681 939 761 inferrentur3
962 678 1148 744 Andevera
1161 679 1265 744 etiam
1275 680 1375 744 vicus

278 763 334 793 ω’
426 784 596 847 incensus.
649 779 705 846 Ab
727 781 904 846 occidente
929 779 1048 863 itaque
1069 800 1148 845 raro
1171 788 1206 846 ct
1228 788 1376 862 angusta

426 882 702 966 importabantur
733 882 940 959 necessaria,
971 881 1163 945 viatoribus
1199 881 1375 946 nonnullis

426 983 627 1066 interceptis
644 983 700 1047 vel
715 983 851 1060 occisis,
865 981 922 1046 vel
936 987 1036 1065 parte
1059 982 1287 1046 membrorum
1298 1002 1375 1045 mu-

426 1083 557 1148 tilatis:
579 1084 623 1148 ab
647 1083 779 1147 oriente
791 1102 875 1148 vero
894 1089 971 1146 toto
990 1082 1129 1146 tramite
1143 1100 1264 1146 versus
1280 1081 1375 1146 Ion-

426 1183 564 1248 doniam
587 1183 874 1266 constipabantur
888 1181 1021 1246 semitae
1045 1181 1264 1246 multitudine
1281 1202 1376 1246 oom-

427 1292 614 1361 meatuum,
624 1285 785 1367 episcopo
802 1290 837 1347 et
849 1284 921 1346 suis
934 1282 1229 1366 importandorum
1241 1304 1250 1362 ;
1263 1276 1377 1346 ¹Gau-

426 1382 516 1450 frido
527 1385 570 1449 de
585 1383 811 1461 Mandavilla,
821 1384 881 1466 qui
889 1383 964 1467 jam
974 1383 1098 1446 iterum
1110 1382 1242 1447 auxilio
1253 1402 1375 1447 eorum

427 1491 591 1563 cesserat,
608 1491 711 1549 antea
733 1486 824 1547 enim
840 1490 920 1567 post
933 1483 1128 1567 captionem
1150 1481 1243 1566 regis
1265 1483 1376 1566 impe·

427 1586 546 1649 ratrici
572 1585 774 1649 fidelitatem
796 1584 991 1668 juraverat,
1016 1590 1054 1647 et
1074 1583 1375 1649 londoniensibus

423 1675 579 1749 maxime
593 1685 840 1762 annitentibus
857 1683 1011 1766 nihilque
1026 1685 1166 1748 omnino
1181 1685 1273 1767 quod
1294 1704 1378 1768 pos-

426 1792 504 1849 sent
533 1785 875 1870 praetermittentibus
909 1802 978 1867 quo
1006 1785 1259 1866 imperatricem
1291 1804 1377 1850 con·

425 1885 615 1950 tristarent.
644 1884 905 1950 wintonienses
921 1903 1025 1967 porro
1037 1885 1094 1948 vel
1107 1886 1215 1950 tacito
1231 1885 1375 1950 eifave·

426 1985 511 2048 bant
520 1985 665 2070 judicio,
680 2003 847 2049 memores
862 1983 942 2048 fidei
959 2004 1063 2068 quam
1079 1986 1110 2049 ei
1125 1985 1219 2072 pacti
1235 1985 1375 2051 fueram

425 2103 504 2148 curn
521 2084 622 2151 inviti
632 2085 879 2168 propemodum
891 2086 935 2149 ab
945 2085 1107 2169 episcopo
1122 2085 1166 2148 ad
1178 2086 1243 2150 boc
1256 2087 1374 2152 adacti

424 2193 555 2251 essent.
606 2184 748 2250 Interea
780 2202 827 2249 ex
859 2193 954 2249 turre
977 2185 1152 2269 pontificis
1172 2185 1369 2270 jaculatum

425 2285 621 2350 incendium
645 2286 681 2350 in
711 2286 833 2350 domos
862 2286 1084 2367 burgensium
1106 2283 1196 2371 (qni,
1222 2294 1262 2350 ut
1286 2287 1373 2365 dixi,

426 2386 604 2468 proniores
627 2393 727 2450 erant
748 2383 978 2468 imperatricis
997 2385 1155 2450 febcitati
1170 2405 1274 2468 quam
1300 2389 1374 2470 epi·

426 2481 539 2571 scopi)
564 2486 823 2569 comprehendit
847 2494 882 2551 et
904 2486 1094 2552 combussit
1118 2486 1294 2552 abbatiam
1316 2495 1374 2554 to·

425 2592 496 2650 tam
516 2587 829 2651 sanctimonialium
846 2587 939 2652 intra
950 2588 1082 2666 urbem,
1098 2588 1269 2672 simulque
1281 2582 1384 2658 ²coe·,

328 2708 402 2738 monn
424 2686 564 2751 nobium
578 2686 671 2769 quod
686 2687 814 2751 dicitur
829 2686 886 2753 Ad
900 2685 1032 2750 Hidam
1055 2694 1166 2751 extra.
1218 2689 1305 2753 Erat
1322 2690 1372 2754 ibi

423 2787 540 2869 imago
562 2786 720 2851 crucifixi
734 2787 877 2851 Domini
897 2806 1026 2869 magna
1047 2788 1137 2851 mole
1159 2789 1234 2851 auri
1256 2796 1292 2854 et
1313 2809 1373 2853 ar·

424 2888 532 2969 genti,
543 2887 712 2970 simulque
723 2881 1066 2969 gemmarum,³dono
1078 2886 1249 2952 Cnutonis
1260 2909 1373 2973 quon-

422 2986 501 3050 dam
524 2989 616 3069 regis
647 3005 794 3069 operosa
818 2987 1002 3051 devotione
1031 2985 1247 3052 fabrefacta:
1279 2988 1370 3068 baec,

422 3087 503 3168 igne
535 3094 618 3151 tunc
647 3087 892 3170 comprehensa
917 3092 953 3149 et
975 3085 1051 3151 solo
1079 3094 1265 3169 prostrata,
1290 3097 1372 3173 post

424 3187 528 3250 etiam
549 3186 695 3270 jubente
721 3186 838 3268 legato
862 3192 1067 3250 excrustata
1094 3193 1159 3250 est.
1210 3187 1370 3255 Inventas

424 3286 608 3369 plusquam
633 3287 832 3369 quingentae
864 3285 1003 3368 argenti
1028 3305 1167 3364 marcae,
1199 3290 1277 3352 auri
1307 3290 1372 3354 tri·

424 3386 534 3466 ginta,
546 3386 710 3451 donativo
724 3386 871 3452 militum
886 3384 1074 3469 profecere.
1115 3385 1306 3453 Combusta
1316 3397 1371 3455 est

262 3496 371 3538 wracen
423 3484 526 3549 etiam
551 3486 692 3551 abbatia
714 3486 1029 3552 sanctimonialium
1055 3486 1098 3551 de
1111 3486 1324 3553 Warewella
1347 3506 1371 3554 a

260 3548 326 3598 ‚any
339 3550 411 3590 'm'
423 3586 574 3669 quodam
586 3585 763 3653 Willelmo
787 3587 831 3650 de
856 3586 952 3669 Ipra,
975 3587 1113 3651 bomine
1133 3586 1294 3667 nefando,
1310 3590 1371 3674 qui

422 3705 486 3749 nec
506 3686 584 3750 Deo
607 3705 670 3750 nec
691 3685 887 3751 bominibus
905 3687 1133 3750 reverentiam
1156 3689 1370 3768 observaret,

421 3784 515 3869 quod
530 3787 566 3850 in
582 3805 623 3851 ea
640 3786 778 3868 quidam
801 3786 1028 3869 imperatricis
1049 3786 1208 3851 fautores
1226 3806 1265 3852 se
1285 3809 1372 3855 con·

421 3886 527 3951 tutati
542 3891 671 3949 essent.

455 4132 598 4196 massan
619 4138 648 4184 a·
673 4135 839 4186 uinctam..
852 4170 879 4187 ..
939 4108 1122 4177 'aarum
1150 4113 1199 4174 Ea
1222 4116 1371 4167 omnnium

411 4206 569 4326 siqmlqrrqtg·
580 4207 630 4268 E·;
650 4207 754 4255 omitted
765 4207 792 4255 in
808 4206 838 4256 S.
850 4209 880 4257 C,
904 4183 1283 4317 mqnfflrqmffssobqqu
1294 4258 1372 4321 dm,

841 4322 941 4370 .D.
