3100 5050
200 511 273 559 crs.
291 496 355 576 1v.]
427 512 550 560 ,cnsrn
575 513 700 561 nacon
726 515 937 566 nuaconuu.
1091 503 1157 566 513

195 681 344 737 sanctos
370 680 499 755 patres
521 693 687 756 sequaces
710 674 843 740 scilicet
867 677 945 754 Dei,
970 679 1154 762 quicquam
1168 683 1316 776 ‘giffggffiffl

199 781 331 854 praeter
356 773 525 837 rationem
554 774 699 851 edicere,
727 777 827 857 quasi
856 778 922 841 soli
953 782 1155 846 auctoritati
1167 781 1234 825 ⁰1⁶0*

200 873 306 938 fidem
320 874 507 937 debeamus
522 873 710 938 adhiberet
764 875 891 959 Itaque
908 878 1058 957 illorum,
1075 901 1154 964 quae

200 974 407 1056 procuditis,
421 981 482 1038 aut
495 975 663 1038 rationem
679 981 740 1038 aut
760 978 1004 1042 auctoritatem
1022 979 1152 1046 afferte.

204 1073 376 1152 Quamvis
401 1093 471 1138 non
496 1074 640 1142 multum
665 1075 790 1142 debeat
812 1077 917 1153 credi,
939 1078 1066 1162 siquid
1090 1081 1154 1145 hu-

202 1193 317 1237 manae
331 1174 475 1239 rationis
490 1174 601 1256 possit
618 1174 775 1256 allegari,
792 1177 885 1258 quod
900 1179 1154 1262 aequipollenti·

202 1275 272 1338 bus
287 1275 500 1356 argumentis
515 1274 632 1338 valeat
642 1277 817 1340 'enervari
871 1275 1095 1362 Quapropter
1109 1302 1154 1345 ex

204 1374 329 1455 regula
351 1393 429 1457 quae
458 1374 592 1439 ratione
621 1381 656 1438 et
679 1376 888 1441 auctoritate
914 1379 1010 1456 nixa,
1032 1387 1154 1463 utpote

204 1474 360 1539 omnium
383 1474 558 1559 justorum
584 1474 709 1557 spiritu
735 1475 868 1540 dictata
894 1484 960 1550 est,
989 1479 1069 1543 date
1091 1502 1153 1544 ex-

204 1575 340 1657 empla3
365 1574 456 1657 quod
477 1575 594 1638 sinon
614 1576 772 1658 potestis
793 1576 922 1640 frustra
946 1580 1154 1660 profitemini

202 1675 299 1740 illius
313 1676 581 1756 praerogativam
603 1675 702 1760 cujus
715 1676 940 1743 ,contemnitis
961 1681 1061 1762 sequi
1075 1681 1155 1745 doc-

192 1775 358 1838 trinam!
859 1833 862 1841 .

258 1875 276 1958 ξ
302 1875 378 1939 335.
404 1871 617 1957 Hujusmodi
647 1877 831 1954 sententia,
857 1878 902 1940 ab
927 1897 1015 1955 uno,
1037 1887 1078 1943 ut
1103 1880 1154 1956 fit,

204 1994 348 2058 serpens
373 1975 409 2039 in
438 1974 536 2050 alios,
564 1975 686 2040 merito
711 1977 821 2040 movit
841 1977 946 2041 corda
973 1979 1087 2042 Deum
1110 1981 1154 2044 ti·

195 2075 372 2139 mentium
396 2093 440 2138 ne
463 2074 553 2138 forte
575 2075 612 2138 in
635 2094 783 2140 vacuum
808 2085 985 2141 currerent
1010 2086 1071 2141 aut
1094 2099 1154 2143 cu·

192 2176 406 2239 -currissent
460 2174 713 2256 Frequentibus
742 2196 826 2256 ergo
853 2178 1015 2258 capitulis
1036 2177 1155 2260 dispu-

204 2275 294 2340 tatio
320 2273 455 2357 agitata
480 2274 572 2338 hunc
597 2275 700 2338 finem
725 2275 858 2353 babuit,
883 2285 923 2340 nt
947 2278 1022 2360 ipse
1046 2279 1154 2343 abbas

204 2376 415 2440 sententiam
439 2375 613 2457 probaret,
640 2376 931 2458 supersedendum
958 2377 1153 2460 superfluis,

203 2476 316 2540 solam
343 2474 530 2539 medullam
556 2474 685 2558 regulae
700 2476 953 2559 vestigandam.
1005 2477 1064 2542 Ita
1085 2479 1154 2544 duo

195 2576 330 2640 *fratres
354 2576 532 2652 electi,.in
560 2578 686 2659 quibus
708 2577 855 2641 scientia
877 2577 1054 2642 literarum
1077 2599 1155 2643 cum

203 2677 372 2759 religIone
395 2676 593 2759 quadraret,
617 2676 688 2759 qui,
704 2677 837 2741 vicaria
861 2677 1057 2755 collatione,
1074 2699 1155 2743 auo·
1231 2732 1235 2741 s

203 2778 292 2842 toris
315 2776 446 2858 regulae
468 2777 685 2840 voluntatem
706 2776 931 2857 inquirerent,
955 2778 1155 2861 inquisitam

203 2876 283 2941 aliis
305 2883 551 2959 proponerent.
603 2874 723 2940 Abbas
746 2876 866 2941 sedulo
888 2896 992 2958 agere
1007 2886 1046 2941 ut
1061 2887 1156 2944 totus

203 2983 397 3041 conventus
421 2976 668 3039 assentiretur:
692 2976 752 3040 sed
776 2978 860 3057 quia
874 2975 1046 3041 difficilea
1060 2998 1155 3041 men-

203 3076 298 3141 tibus
320 3076 498 3140 hominum
524 3074 686 3159 avellitur
707 3076 799 3159 quod
824 3096 870 3139 ex
887 3076 1038 3158 ‚antiquo
1064 3080 1155 3142 inse·

202 3178 306 3254 derit,
324 3177 406 3260 quia
419 3174 521 3239 inviti
534 3181 693 3257 expuunt
703 3176 796 3257 quod
812 3177 924 3257 prima
936 3176 1048 3241 saliva
1063 3198 1156 3242 com·

203 3277 367 3354 biberint,
390 3296 478 3359 pene
506 3294 625 3339 omnes
652 3269 846 3357 lsuscipere
875 3285 1079 3341 recusarunt
1100 3298 1155 3342 res

191 3397 329 3455 ,novas
343 3377 426 3460 quia
443 3376 604 3458 antiquas
621 3368 841 3457 ²diligebant.
887 3375 960 3439 Soli
981 3376 1098 3441 decem
1121 3385 1156 3442 et

204 3485 298 3556 octo,
332 3477 521 3558 inquibus
555 3475 771 3557 Hardingus,
795 3476 855 3558 qui
885 3482 920 3539 et
947 3474 1155 3558 Stephanus,

192 3570 330 3643 sancta
352 3576 584 3643 obstinatione
606 3576 817 3658 pervicaces,
844 3595 922 3639 curn
946 3577 1070 3641 abbate
1092 3597 1156 3641 suo

202 3678 401 3743 coenobium
418 3676 680 3758 derelinquunt3
708 3676 977 3757 pronunciantes
991 3696 1060 3739 non
1075 3697 1154 3759 pos-

193 3786 242 3843 'se
257 3777 388 3861 regulae
404 3778 592 3860 puritatem
607 3775 773 3839 custodiri
784 3775 820 3839 in
831 3775 908 3840 loco
923 3776 983 3837 ubi
999 3783 1035 3839 et
1051 3796 1155 3859 opum

199 3878 381 3961 congeries
393 3884 428 3941 et
439 3876 592 3939 ciborum
607 3875 792 3957 indigeries
808 3876 913 3939 etiam
927 3874 1154 3939 reluctantem

201 3970 357 4043 animum
384 3976 583 4041 offocarent.
636 3976 750 4057 Igitur
769 3974 930 4038 Cistellas
945 3994 1080 4051 venere,
1103 3976 1154 4039 lo-

239 4260 246 4289 ¹
260 4254 413 4327 Suscipere]
433 4259 466 4309 A.
480 4260 514 4309 D.
526 4260 557 4309 E.
569 4260 600 4309 L.
612 4276 618 4321 ς
630 4274 669 4308 re·
731 4254 921 4327 mitigemur]
941 4260 970 4310 S.
981 4260 1029 4321 L.;
1055 4261 1157 4309 omitted

201 4334 299 4395 cipere,
310 4332 339 4380 S.
354 4333 383 4380 C.
696 4329 722 4375 in
734 4328 767 4378 A.
782 4330 811 4378 C.
821 4330 856 4379 D.
871 4330 900 4378 Ε.
