3100 5050
191 553 262 602 nra.
281 538 339 620 ιι]
483 524 658 603 maroam
680 555 859 604 novumn.
1078 543 1144 608 729
1211 607 1214 614 ,

193 703 335 778 abbatia
349 712 392 778 de
406 713 571 780 Hortuna
587 714 731 800 proinde
745 715 922 780 destructa
943 707 1142 801 et'adjecta.
1155 742 1305 793 patrumm

193 813 286 881 Haec
304 822 459 900 tempore
473 818 566 900 regis
583 816 741 895 Hem-ici,
755 818 820 882 sub
838 837 907 900 quo
922 837 977 882 res
995 817 1071 902 ejus
1087 817 1145 905 (ut
1155 794 1303 888 ΜΨ

192 911 286 1001 dixi)
313 919 448 1000 magnis
476 919 692 983 successibus
720 917 929 984 floruerunt:
962 919 1023 983 sed
1053 920 1144 984 enim

193 1018 258 1081 sub
284 1017 460 1101 Stephano
485 1012 586 1102 ¹rege
611 1016 720 1106 (sicut
751 1014 919 1104 praedixi)
945 1028 1038 1085 retro
1065 1023 1143 1086 sub-

192 1117 303 1201 lapsae
320 1127 422 1200 sunt3
446 1120 513 1184 nisi
531 1120 623 1203 quod
645 1119 682 1183 in
703 1119 805 1184 initio
819 1121 918 1202 regni
940 1120 1015 1205 ejus
1039 1141 1145 1206 nepo-

192 1219 287 1284 tibus
302 1219 387 1297 suis,
409 1219 472 1283 uni
493 1220 748 1299 cancellariam,
763 1221 865 1285 alteri
880 1221 1143 1303 thesaurariam,

193 1319 259 1384 sibi
293 1322 442 1402 burgum
473 1321 720 1386 Malmesbiriae
750 1321 961 1406 impetravit,
998 1324 1142 1389 subinde

193 1441 276 1503 rege
290 1421 516 1486 familiaribus
532 1423 604 1487 suis
626 1422 873 1506 ingeminante,
892 1422 983 1488 ‘Per
996 1444 1142 1489 nascen-

192 1521 279 1586 tiam
293 1522 360 1587 Dei
373 1523 380 1587 !
393 1524 612 1589 medietatem
621 1521 761 1606 Angliae
776 1523 893 1588 darem
905 1525 948 1603 ei,
958 1525 988 1588 si
998 1532 1142 1609 peteret,

193 1623 303 1688 donec
328 1630 464 1707 tempus
487 1631 722 1707 pertranseat:
748 1631 829 1689 ante
853 1625 990 1690 deficiet
1009 1627 1084 1710 ipse
1105 1628 1142 1691 in

192 1723 353 1807 petendo,
370 1744 474 1807 quam
488 1745 553 1808 ego
568 1725 604 1789 in
618 1725 757 1790 dando.'
808 1725 1063 1792 Posterioribus
1079 1748 1142 1792 an·

192 1825 248 1888 nis
273 1824 425 1904 fortuna,
442 1826 585 1890 nimium
609 1835 645 1892 et
666 1833 748 1891 ante
766 1827 826 1892 diu
849 1827 881 1892 ei
904 1828 1073 1908 blandita,
1097 1830 1141 1894 ad

163 1980 166 1985 ⁴
192 1932 385 1990 extremum
411 1927 610 2011 scorpiacea
631 1927 814 1993 crudeliter
836 1928 1008 1993 hominem
1030 1931 1142 1995 cauda

192 2027 374 2110 percussit.
426 2027 540 2107 Quale
563 2028 630 2094 fuit
652 2028 750 2106 illud,
777 2029 868 2113 quod
891 2037 972 2094 ante
994 2051 1056 2095 ora
1078 2051 1143 2097 sua

192 2127 281 2191 vidit
294 2127 449 2193 homines
470 2130 557 2194 bene
578 2130 621 2194 dc
642 2150 680 2194 se
701 2130 842 2195 meritos
862 2131 1023 2210 sauciari,
1040 2132 1141 2197 fami·

191 2227 413 2293 liarissimum
430 2223 591 2295 ²militem
606 2232 829 2296 obtruncari:
852 2239 992 2314 postero
1014 2233 1069 2297 die
1085 2254 1141 2298 se-

191 2329 318 2412 ipsum,
334 2328 392 2418 (ut
407 2351 513 2414 supra
533 2331 628 2396 fatus
650 2328 757 2418 sum,)
772 2339 808 2396 et
822 2340 966 2416 nepotes
984 2353 1064 2399 suos
1078 2355 1141 2417 po·

191 2431 405 2496 tentissimos
430 2433 622 2516 episcopm,
646 2453 750 2497 unum
775 2433 901 2517 iugari,
919 2435 1065 2500 alterum
1088 2442 1140 2500 te·

192 2533 280 2611 neri,
311 2535 464 2613 tertium,
491 2534 752 2599 dilectissimum
779 2536 844 2600 sibi
875 2536 1140 2617 adolescentem,

191 2634 413 2717 compedibus
427 2636 569 2701 vinciri:
586 2643 666 2720 post
679 2635 905 2701 redditionem
920 2639 1141 2703 castellorum

192 2734 375 2799 thesauros
397 2755 479 2800 suos
501 2736 615 2819 diripi,
632 2743 668 2801 et
691 2756 729 2801 se
754 2736 973 2820 postmodum
996 2739 1033 2803 in
1058 2760 1140 2804 con·

192 2835 273 2899 cilio
288 2835 488 2902 foedissimis
501 2837 661 2901 convitiis
682 2838 877 2921 proscindi:
901 2838 946 2902 ad
968 2840 1140 2920 ultimum,

191 2931 271 2999 cum
288 2938 381 3019 apud
396 2936 617 3002 Salesbiriam
634 2958 722 3021 pene
740 2939 919 3004 anhelaret
935 2941 971 3003 in
995 2942 1140 3020 exitum,

192 3037 356 3119 quicquid
380 3039 555 3103 residuum
578 3046 653 3103 erat
674 3059 891 3104 nummorum
915 3048 950 3105 et
966 3061 1140 3120 vasorum,

191 3137 285 3220 quod
302 3138 433 3203 scilicet
446 3140 489 3203 ad
505 3139 746 3233 perficiendam
769 3141 949 3206 ecclesiam
972 3162 1075 3226 super
1089 3143 1140 3207 al·

191 3244 267 3302 tare
292 3248 468 3321 posuerat,
497 3259 534 3304 se
564 3240 673 3306 invito
700 3242 884 3323 asportari.
935 3242 1141 3308 Extremum

190 3332 277 3421 puto
299 3330 521 3417 calamitatis,
543 3341 642 3425 cujus
660 3342 764 3405 etiam
788 3362 842 3406 me
867 3342 1018 3422 miseret,
1036 3345 1140 3428 quod,

190 3458 271 3503 cum
287 3441 406 3506 multis
422 3443 527 3506 miser
541 3441 726 3521 videretur,
746 3443 963 3525 paucissimis
980 3453 1055 3510 erat
1077 3448 1141 3510 mi-

190 3542 371 3622 serabilis3
389 3549 524 3606 tantum
538 3542 657 3607 livoris
675 3550 710 3607 et
721 3544 792 3608 odii
807 3564 851 3607 ex
865 3545 970 3609 nimia
984 3548 1142 3629 potentia

190 3649 426 3721 contraxerat,
459 3649 495 3706 et
522 3642 691 3709 immerito
728 3644 822 3729 apud
853 3646 1022 3729 quosdam
1054 3667 1141 3731 quos

189 3742 297 3806 etiam
310 3743 499 3808 honoribus
516 3752 675 3810 auxerat.

357 3934 405 3981 DE
428 3934 688 3984 lNS'I'l'l'UTIONE
710 3937 966 3988 ABBATIARUM.

241 4043 323 4129 §33.
339 4042 444 4109 Anno
459 4045 631 4118 incarnati
637 4046 747 4112 Verbi
761 4049 943 4115 millesimo
956 4052 1142 4118 centesimo
1154 4068 1209 4109 Ab·
1220 4070 1276 4110 11⁴⁰.

189 4146 456 4230 quadragesimo
478 4142 638 4211 monachi
664 4149 881 4213 abbatiarum
909 4171 996 4235 quas
1024 4120 1285 4236 Rogo-ddlffdffl

1153 4224 1213 4273 bury.

224 4370 337 4438 ¹Rege.]
355 4375 404 4436 Ε.;
420 4374 604 4425 omittcdinS.
616 4375 652 4425 D.
713 4372 864 4443 'Militemq
888 4379 916 4430 S.
935 4380 970 4431 D.
991 4382 1046 4433 132.
1070 4384 1143 4448 L2.;

186 4447 243 4497 η,
677 4446 796 4511 militum,
807 4450 831 4497 E
841 4454 863 4499 l.
