3100 5050
166 515 235 564 nm.
252 499 295 582 1.]
455 515 630 565 nrsronra
651 516 829 566 novumn·
1050 499 1117 566 697

164 682 239 740 tam
255 677 435 760 conspexi,
451 684 488 742 et
503 684 644 742 auctore
661 677 740 742 Deo
755 675 973 742 confirmavi.
1008 674 1114 740 Hunc
1194 712 1196 716 .

165 777 316 842 ecclesia
330 777 477 861 suscipit
491 785 528 843 et
539 785 745 844 veneratur:
762 778 856 842 hunc
871 798 933 861 per
949 777 1017 842 Dei
1032 797 1114 860 gra·

164 877 252 940 tiam
277 879 444 962 episcopi,
472 879 630 957 abbates,
655 879 841 962 principes,
867 879 1054 961 capitanei,
1076 885 1113 943 et

83 1016 88 1026 ·
162 976 325 1056 barones,
340 979 481 1063 quidum
503 999 565 1063 per
587 998 626 1044 se
647 981 754 1062 ipsos,
777 980 918 1062 quidam
940 999 1002 1062 per
1023 999 1113 1043 nun-

162 1077 237 1141 cios
250 1097 346 1157 suos,
360 1079 558 1144 videntibus
573 1079 673 1144 nobis
689 1079 922 1163 frequentant.
966 1079 1112 1162 Deprae-

161 1177 339 1243 dationem
355 1179 452 1243 illam
475 1187 510 1244 et
532 1178 783 1257 crudelitatem,
800 1199 905 1263 quam
925 1180 1111 1262 praetendi-

162 1277 220 1356 tis,
230 1298 300 1343 non
308 1280 477 1344 videmus.
508 1278 715 1363 Quicunque
724 1281 769 1344 ad
778 1300 856 1345 eum
864 1299 928 1364 pro
936 1280 1112 1362 responsis

160 1396 224 1442 seu
236 1381 386 1462 negotiis
396 1381 470 1444 suis
481 1381 626 1445 veniunt
635 1381 784 1464 benigne
795 1381 1040 1463 suscipiuntur,
1053 1381 1112 1445 be·

161 1479 303 1560 nignius
317 1487 552 1547 revertuntur
604 1479 743 1560 Redite,
752 1479 828 1565 jam
844 1480 954 1545 redite
970 1480 1015 1545 ad
1030 1500 1109 1547 cor:

160 1579 269 1643 nolite
292 1581 442 1645 schisma
463 1581 501 1645 in
523 1579 671 1669 ecclesia
691 1581 822 1662 facere3
850 1581 894 1646 ad
918 1581 1110 1646 animarum

158 1679 418 1745 subversionem
435 1681 544 1746 nolite
559 1680 704 1746 ulterius
717 1681 898 1748 laborare:
917 1688 1035 1746 teneat
1047 1702 1110 1748 vos

160 1780 265 1844 timor
280 1767 378 1859 ¹Dei,
390 1800 461 1846 non
476 1781 588 1864 pudor
602 1781 720 1846 seculi.
772 1781 941 1866 Nunquid
956 1783 1017 1865 qui
1029 1782 1110 1849 dor-.

160 1881 237 1958 mit,
255 1901 324 1946 non
339 1881 480 1966 adjiciet
495 1888 535 1946 ut
548 1883 732 1965 resurgatt
754 1882 912 1947 desistite
922 1883 998 1968 jam
1015 1903 1111 1948 men-

160 1980 283 2059 daciitt,
305 1982 482 2065 inquibus
508 1982 605 2065 impii
628 2002 725 2065 spem
748 2002 849 2046 suam
874 2003 1002 2066 ponere
1026 1997 1110 2049 con‘·

160 2088 316 2146 suerunt.
352 2082 524 2146 Dominus
537 2081 719 2147 Tiburtius
732 2083 768 2146 in
786 2083 925 2167 scriptis
942 2084 1014 2147 suis
1031 2103 1110 2150 cum

159 2174 373 2265 ²juramento
395 2183 603 2248 testificatus
614 2190 691 2260 est,
704 2183 822 2248 dicens
837 2183 930 2267 quod
954 2203 1020 2266 ego
1034 2184 1109 2264 dia-

157 2301 284 2346 conum
301 2284 415 2347 sancti
427 2279 556 2366 Angeli
577 2283 690 2348 solum
714 2283 875 2349 idoneum
885 2284 1042 2369 judicavi
1064 2285 1109 2349 ad

157 2382 383 2464 pontificatus
406 2383 573 2449 ordinem.
624 2383 753 2448 Videat
768 2384 843 2467 ipse
859 2384 942 2468 quid
958 2383 1106 2450 dixerit:

156 2502 223 2565 ego
240 2482 430 2550 inocculto
449 2484 587 2562 locutus
605 2502 683 2549 sum
698 2483 805 2566 nibil;
829 2505 899 2550 non
912 2491 966 2551 est
981 2485 1107 2570 aliq-uis

156 2584 217 2666 qui
239 2584 307 2649 hoc
333 2585 477 2650 verbum
504 2586 549 2650 ab
578 2605 638 2649 ore
666 2594 752 2650 meo'
768 2605 921 2669 unquam
946 2586 1106 2651 audierit.

157 2683 250 2748 Haec
272 2684 340 2748 fuit
354 2686 528 2750 sententia
543 2704 623 2749 mea
642 2703 789 2768 semper,
809 2695 850 2751 ut
871 2706 940 2750 non
965 2686 1032 2751 nisi
1054 2706 1106 2751 sc·

155 2784 257 2867 pulto
279 2804 373 2868 papa
388 2786 432 2850 de
453 2785 664 2851 successoris
685 2805 833 2868 persona
848 2786 977 2852 mentio
999 2786 1105 2851 habe·

153 2892 262 2949 retur.
315 2886 496 2957 Unitatem
510 2885 665 2950 ecclesiae
679 2886 788 2964 tenui,
803 2894 838 2952 et
853 2887 998 2951 tenebo:
1014 2888 1105 2953 veri-
1120 2878 1124 2885 ’

154 2986 221 3050 tati
236 2992 271 3049 et
284 2984 434 3100 Justitine
448 2986 624 3051 adhaerere
640 2987 781 3064 curabo,
799 2987 1012 3052 confidenter
1025 3006 1151 3071 spe·

152 3105 236 3150 rans
262 3085 345 3169 quia
356 3086 498 3171 justitia
519 3094 555 3151 et
567 3081 704 3152 'veritas
730 3086 893 3152 liberabit
917 3088 996 3152 me.'
1047 3088 1105 3152 Sic
1118 3106 1197 3147 mero

151 3187 342 3269 praedictus
358 3186 486 3252 Petrus
508 3180 745 3264 8Ροτῐιιθιιείε,
762 3186 869 3252 Petro
892 3187 1003 3253 Leoni
1024 3208 1147 3272 pro-n
1090 3158 1241 3258 immae

152 3289 245 3365 nior,
270 3287 421 3370 scripsit.
485 3286 562 3351 Nec
584 3306 668 3351 vero
690 3306 773 3369 pars
803 3288 915 3353 altera
945 3260 1159 3355 cassabatnn

153 3387 241 3470 quin
267 3388 330 3451 et
320 3406 435 3470 rpsum
450 3386 594 3452 Petrum
616 3387 771 3451 catulum
786 3388 896 3452 leonis
912 3388 1053 3469 diceret,
1068 3398 1104 3456 ct

152 3487 357 3552 fautores
327 3507 404 3571 ejus
417 3487 579 3552 factionis
601 3487 787 3569 complices
802 3489 1005 3555 nominaret.
1057 3490 1105 3556 Et

150 3587 203 3651 1111
228 3587 371 3671 quidem
385 3588 485 3653 varia
508 3588 599 3651 inter
621 3606 659 3651 se
684 3586 798 3652 dubiis
822 3588 864 3654 de
890 3590 992 3655 rebus
1021 3611 1103 3674 age-

149 3689 247 3752 bant.
301 3688 528 3753 Innocentius
549 3707 634 3752 vero
657 3688 821 3753 exclusus
851 3689 978 3769 Roma,
1007 3699 1105 3756 tran·

150 3787 284 3853 scensis
312 3785 475 3872 Alpibus,
506 3782 678 3852 ⁴Galliam
710 3789 915 3856 contendit·
966 3791 1022 3856 Ibi
1059 3792 1103 3855 ab

183 4056 265 4110 ι1131.
271 4051 286 4125 ]
303 4056 337 4107 Ε.
349 4055 428 4117 1223
448 4054 563 4117 Domini,
584 4054 614 4105 S.
674 4051 850 4117 ³1³me
858 4054 935 4103 Petro
945 4054 1104 4118 Leonc]E

148 4130 178 4180 c
189 4129 255 4180 D
639 4124 789 4174 Portuensir
805 4126 951 4186 episcopus,
959 4127 986 4174 in
998 4125 1104 4175 Petrum

641 4196 734 4244 Leonis
743 4195 833 4257 filium,
844 4194 874 4245 S.
888 4196 918 4245 C.
931 4195 965 4244 D.
976 4195 1032 4246 112·

181 4266 371 4331 'anmatos
391 4268 615 4331 ll.;sacramento‚
673 4265 870 4329 ⁴Golliam.]S.
880 4267 910 4316 G.
917 4265 953 4317 D.
961 4266 1028 4329 aar
1040 4266 1103 4319 Gal·

147 4342 176 4393 S.
190 4338 335 4392 c.1>.1.a.
639 4336 706 4398 bam,
718 4336 750 4385 E.
