3100 5050
169 494 239 540 nm.
256 476 323 558 iv.]
400 491 514 541 casua
537 490 665 540 nnouu
689 491 904 542 Anenoauu.
1055 477 1121 542 523

168 652 379 736 praesidebat
394 650 585 733 apostolico
600 649 753 728 culmini,
767 651 882 716 evasis
898 650 1048 736 Alpibus
1059 671 1120 717 ve·

171 753 223 818 uit
246 753 284 818 in
312 750 469 816 Gallias:
502 751 675 816 adventus
706 769 813 816 causa
837 751 1012 817 ferebatur
1039 773 1119 836 per-

169 854 304 937 spicua,
326 851 431 935 quod,
445 851 612 916 violentia
628 849 790 916 Guiberti
807 851 922 917 Roma
942 861 1118 932 extrusus,

169 955 443 1019 citramontanas
457 951 502 1016 ad
521 953 575 1016 sui
592 953 821 1016 reverentiam
844 954 1049 1020 sollicitaret
1062 974 1119 1019 ec·

170 1055 307 1119 clesias.
348 1052 442 1117 Illud
459 1052 644 1135 repositius
659 1053 875 1136 propositum
890 1074 960 1119 non
976 1057 1027 1120 ita
1040 1056 1118 1121 vul-

171 1157 333 1237 gabatur,
350 1152 443 1236 quod
458 1152 653 1217 Boamundi
669 1152 813 1218 consilio
826 1173 914 1237 pene
926 1163 1037 1220 totam
1047 1156 1120 1222 Eu·

171 1275 294 1338 repam
317 1256 354 1318 in
377 1251 570 1318 Asiaticam
589 1254 844 1336 expeditionem
867 1262 1042 1338 moveret3
1065 1265 1117 1335 ut,

170 1357 207 1420 in
239 1363 340 1420 tanto
371 1354 522 1418 tumultu
549 1355 701 1418 omnium
731 1355 987 1436 provinciarum
1016 1357 1118 1422 facile

171 1457 335 1521 obaeratis
363 1454 604 1532 auxiliaribus,
633 1461 669 1518 et
695 1455 858 1520 Urbanus
891 1456 1052 1535 Romam,
1082 1465 1118 1522 et

171 1556 397 1622 Boamundus
422 1553 601 1640 Illyricum
623 1562 659 1619 et
675 1554 928 1635 Macedoniam,
950 1559 1117 1641 pervade-

171 1665 270 1722 rent:
295 1675 375 1720 nam
389 1674 448 1719 eas
464 1662 586 1734 terras,
602 1663 637 1719 et
653 1655 816 1738 quicquid
833 1665 1002 1738 practerea
1016 1676 1038 1722 a
1052 1658 1117 1723 Di-

171 1757 290 1822 racbio
305 1775 416 1838 usque
432 1757 467 1819 in
483 1755 743 1821 Tessalonicam
764 1758 993 1838 protenditur,
1011 1757 1117 1823 Gnis-

171 1857 298 1922 cardus
324 1864 424 1940 pater
447 1875 553 1939 super
569 1855 734 1920 Alexium
753 1857 973 1939 acquisierat,
993 1859 1119 1924 iccirco

171 1958 251 2023 illas
267 1958 492 2023 Boamundus
502 1956 575 2040 juri
590 1976 653 2021 suo
677 1965 872 2039 competere
893 1957 1117 2041 clamitabat3

173 2060 275 2141 inops
294 2057 506 2122 haereditatis
521 2054 684 2140 Appulae,
699 2076 804 2140 quam
827 2059 964 2140 genitor
977 2059 1118 2142 Rogero

174 2153 308 2224 ¹comiti
323 2157 395 2222 filio
409 2157 643 2240 delegaverat.
692 2157 943 2235 Veruntamen,
957 2179 1120 2242 quaecun-

174 2280 242 2343 que
270 2259 471 2324 transeundi
496 2257 599 2322 fuerit
627 2258 776 2334 occasio,
805 2279 933 2341 magno
963 2267 999 2324 et
1020 2260 1118 2324 illus-

174 2362 218 2425 tri
250 2359 420 2424 adventus
450 2358 526 2442 ejus
555 2357 622 2422 fuit
644 2358 875 2423 emolumento
899 2359 1118 2424 Christianis.

174 2460 344 2526 Coactum
367 2478 451 2542 ergo
476 2465 531 2522 est
556 2458 649 2543 apud
664 2458 806 2523 Clarum
824 2459 981 2526 Montem
1005 2462 1120 2524 conei-

172 2563 269 2639 lium,
287 2580 365 2644 quae
383 2559 574 2624 clarissima
588 2568 642 2624 est
659 2561 741 2624 urbs
755 2560 1014 2641 Arvernorum
1037 2555 1120 2625 ²nu·

173 2681 289 2727 merus
313 2661 553 2743 episcoporum
579 2667 614 2724 et
634 2661 798 2725 abbatum
823 2663 968 2726 trecenti
982 2660 1119 2742 decem;

174 2764 234 2829 ubi
266 2762 401 2844 aliquot
426 2761 546 2824 diebus
577 2762 688 2844 primo
711 2760 753 2824 de
786 2761 957 2825 catholica
982 2762 1061 2841 lide,
1085 2770 1122 2827 et

174 2858 186 2895 ³
191 2865 284 2927 inter
300 2882 338 2927 se
354 2860 594 2925 dissidentium
610 2880 707 2943 pace,
723 2867 894 2925 tractatus
909 2861 1044 2946 prolixe
1058 2863 1121 2927 ha·

174 2965 280 3028 bitus.
327 2961 426 3026 Nam
457 2967 584 3044 praeter
612 2960 747 3043 flagitia
777 2962 902 3043 quibus
930 2963 1058 3045 singuli
1079 2964 1121 3025 li-

175 3071 294 3129 center
325 3062 547 3138 incubabant,
580 3062 625 3125 ad
655 3061 730 3125 baec
760 3062 970 3126 calamitatis
1002 3081 1122 3127 omnes

175 3163 345 3246 Cisalpini
359 3160 580 3239 devenerant,
595 3168 635 3225 ut
649 3162 753 3225 nullis
769 3163 826 3226 vel
843 3164 992 3226 minimis
1008 3164 1123 3227 causis

174 3263 376 3329 extantibus
393 3262 539 3345 quisque
555 3262 661 3325 alium
676 3269 899 3345 caperet,nec
915 3263 982 3327 nisi
995 3283 1123 3347 magno

174 3352 389 3446 redemptum
416 3363 510 3426 abire
536 3363 674 3426 sineret.
728 3362 906 3427 Praeterea
926 3364 1124 3447 symonicus

176 3465 300 3548 anguis
319 3464 370 3528 ita
393 3463 562 3527 lubricum
579 3468 684 3546 caput
698 3471 870 3542 erexerat,
887 3464 938 3528 ita
954 3471 1124 3529 venenato

175 3565 264 3630 foetu
277 3562 445 3627 mortiferi
458 3564 622 3645 germinis
636 3582 705 3627 ova
721 3571 963 3647 vaporaverat,
975 3572 1014 3628 ut
1029 3571 1124 3629 totus

175 3667 269 3731 orbis
287 3663 407 3729 lethali
423 3663 523 3727 sibilo
547 3662 694 3727 infectus
709 3664 962 3729 ecclesiasticos
976 3665 1124 3729 honores

175 3770 422 3847 corrumperet.
473 3762 564 3827 Tum
580 3763 670 3827 enim
685 3784 754 3828 non
771 3762 884 3829 dicam
903 3766 1057 3848 episcopi
1078 3765 1122 3828 ad

212 4022 348 4086 [comiti]
363 4023 392 4074 C.
413 4022 447 4072 D.
467 4023 518 4083 E.;
542 4024 642 4086 minori,

175 4096 209 4148 A.
221 4096 250 4145 S.
264 4096 295 4144 L.
700 4091 1031 4160 ³lateraediaaidentium.]
1050 4095 1080 4144 S.
1092 4096 1127 4147 D.

211 4163 359 4215 'Numerus
369 4163 551 4228 episcoporum]
564 4163 592 4214 S.
605 4163 640 4213 D.
666 4166 716 4225 E.;
732 4180 819 4213 eorum
836 4168 881 4228 qui
898 4167 963 4216 inter
976 4181 1004 4216 se
1022 4166 1130 4215 disside-

178 4239 226 4299 E.;
242 4247 363 4285 numerus
374 4234 423 4283 tuit
433 4240 641 4298 congregatorum
665 4236 735 4297 bant,
746 4236 777 4285 b.

177 4309 364 4371 episcoporum,
379 4305 407 4354 L.
