3100 5050
346 464 452 532 .476
600 479 715 528 casua
739 479 867 526 aucun
891 477 1104 526 ancnoaun.
1182 455 1269 542 [mn.
1285 475 1355 522 111.

388 636 668 719 archiepiscopus
686 656 731 700 ex
752 637 898 719 antiqua
920 641 1177 699 antecessorum
1194 653 1353 698 consue-

389 737 509 802 tudine
532 737 704 814 osteudit;
727 736 802 813 sed,
825 736 869 799 ob
893 753 1046 798 amorem
1070 735 1174 816 regis,
1193 732 1350 798 Thomae

390 837 602 904 Eboracensi
616 835 875 918 archiepiscopo
885 841 1139 899 sacramentum
1154 834 1351 908 relaxavit,

390 937 623 1019 scriptamque
653 942 790 1000 tantum
822 934 1070 1017 professionem
1099 933 1241 1016 recepit,
1268 952 1349 996 non

391 1035 623 1120 praejudicans
646 1036 901 1099 successoribus
924 1035 997 1098 suis
1011 1034 1072 1116 qni
1087 1039 1350 1096 sacramentnm

391 1155 471 1200 cum
491 1135 701 1218 professione
719 1154 741 1198 a
760 1133 1017 1199 successoribus
1031 1133 1176 1197 Thomas
1200 1132 1350 1214 exigere

392 1235 577 1300 voluerint.
628 1235 665 1300 Si
695 1234 974 1316 archiepiscopus
1001 1232 1260 1298 cantuariensis
1293 1234 1350 1297 vi-

392 1344 465 1400 tam
495 1333 634 1411 finierit,
665 1334 895 1398 Eboraeensis
924 1333 1203 1415 archiepiscopus
1229 1332 1351 1395 Doro-

392 1435 549 1499 berniam
570 1435 708 1513 veniet;
732 1441 767 1497 et
789 1453 868 1497 eum
891 1434 950 1516 qui
972 1434 1103 1496 electus
1128 1431 1243 1509 fuerit,
1265 1450 1356 1494 cum·-

394 1536 530 1598 caeteris
547 1533 702 1617 praefatae
724 1534 879 1597 ecclesiae
903 1533 1086 1616 episcopis,
1101 1539 1141 1596 ut
1162 1532 1351 1614 primatem

394 1635 572 1717 proprium
584 1634 664 1717 jure
680 1633 904 1697 consecrabit.
957 1631 1061 1711 Quod
1074 1633 1104 1695 si
1119 1631 1353 1695 Eboraeensis

395 1733 675 1816 archiepiscopus
697 1733 833 1810 obierit,
855 1734 886 1796 is
907 1733 967 1815 qui
986 1732 1019 1796 ei
1041 1750 1264 1796 successurus
1285 1732 1349 1795 eli-

396 1833 502 1915 gitur,
543 1840 686 1916 accepto
724 1852 746 1896 a
781 1853 862 1914 rege
895 1822 1211 1914 archiepiscopatus
1242 1831 1350 1909 dono,

397 1931 635 2011 Cantnariam,
661 1933 715 1997 vel
741 1933 800 1996 ubi
823 1931 1064 1996 cantuariensi
1087 1931 1350 2014 archiepiscopo

371 2027 578 2115 placuerit,
603 2032 755 2109 accedet,
778 2038 813 2095 et
837 2031 981 2113 abipso
1011 2031 1263 2095 ordinationem
1288 2051 1349 2094 ca-

397 2135 522 2198 nonico
538 2153 632 2198 more
655 2131 828 2214 suscipiet.
882 2130 978 2194 Huic
999 2131 1241 2195 constitutioni
1264 2150 1347 2194 con-

399 2241 582 2297 senserunt
611 2231 778 2316 praefatus
809 2250 884 2307 rex,
913 2237 949 2294 et
978 2230 1227 2314 archiepiscopi
1256 2231 1349 2294 Lan-

398 2332 538 2396 francus
555 2331 816 2396 Cantuariensis
838 2338 873 2394 et
885 2329 1039 2393 Thomas
1057 2330 1296 2408 Eboraeensis,
1312 2339 1349 2396 et

401 2431 437 2500 H
442 2433 594 2510 ubertus,
608 2438 738 2496 sanctae
754 2429 924 2494 Romanae
946 2429 1101 2494 ecclesiae
1115 2430 1349 2494 subdiaconus

400 2540 435 2597 et
449 2532 587 2615 praefati
599 2530 794 2596 Alexandri
818 2549 919 2613 papae
940 2530 1090 2611 legatus,
1110 2538 1145 2595 et
1160 2531 1278 2595 caeteri
1289 2533 1369 2613 qui-

399 2632 629 2697 intersuerunt
653 2631 806 2713 episcopi
831 2638 867 2694 et
886 2631 1040 2694 abbates.
1092 2630 1274 2695 Ventilata
1295 2640 1351 2697 est

400 2738 516 2795 autem
543 2732 618 2795 haec
649 2750 756 2794 causa
782 2730 878 2814 prius
906 2730 999 2812 apud
1025 2730 1237 2795 Wentanam
1265 2731 1352 2795 civi·

401 2838 507 2895 tatem
532 2832 569 2894 in
592 2830 755 2895 Paschali
769 2823 1006 2907 ¹soleunitate,
1030 2828 1067 2892 in
1090 2830 1225 2912 capella
1253 2831 1351 2913 regia

400 2932 572 3015 quaesita
599 2938 652 2995 est
678 2931 714 2994 in
739 2930 904 3009 castello;
939 2937 1061 3012 postea
1083 2930 1120 2993 iu
1147 2929 1233 2995 villa
1254 2931 1352 3013 regia

401 3050 479 3113 quae
502 3039 647 3095 vocatur
661 3030 872 3106 Windlesor,
893 3030 953 3093 ubi
975 3038 1011 3094 et
1032 3030 1135 3093 finem
1157 3031 1292 3113 accepit
1313 3032 1350 3094 in

400 3132 586 3211 prasentia
614 3129 719 3211 regis,
752 3130 1003 3212 episcoporum,
1042 3130 1207 3193 abbatum
1237 3131 1350 3195 diver·

401 3248 517 3293 sorum
544 3229 716 3305 ordinum,
739 3229 799 3311 qui
824 3229 1026 3311 congregati
1051 3236 1151 3292 erant
1173 3230 1266 3313 apud
1289 3250 1351 3294 cn-

401 3329 488 3391 riam
517 3330 553 3391 in
581 3328 770 3393 festivitate
800 3327 1036 3393 Pentecostes.
1087 3328 1233 3409 Signum
1260 3331 1351 3396 Wil-

400 3428 495 3491 lelmi
534 3430 636 3512 regis.
696 3428 842 3511 Signum
882 3427 1040 3491 Matildis
1075 3428 1217 3509 reginae.
1248 3430 1352 3513 =Ego

402 3527 596 3606 Hubertus,
626 3536 756 3592 sanctae
786 3526 955 3591 Romanae
988 3527 1142 3591 ecclesiae
1174 3529 1284 3593 lector
1315 3539 1352 3595 et

401 3628 531 3692 domini
542 3626 735 3692 Alexandri
748 3647 850 3710 papae
865 3627 1015 3708 legatuS,
1026 3627 1225 3710 subscripsi.
1260 3622 1352 3711 ²Ego

403 3728 620 3792 Lanfrancus
658 3728 932 3791 Dorobernensis
962 3726 1241 3810 archiepiscopus
1270 3731 1352 3793 sub-

402 3830 537 3911 scripsi.
577 3827 654 3909 Ego
664 3827 818 3890 Thomas
833 3826 1061 3890 Eboraeensis
1075 3827 1354 3912 archiepiscopus

438 4148 446 4180 ¹
460 4150 633 4215 Salaminia]
646 4151 715 4201 Μ.
729 4151 763 4200 D.
776 4151 808 4205 Ε.
818 4150 866 4208 L.;
928 4120 987 4204 ²th
988 4138 1001 4171 ⁰
1008 4124 1161 4185 stisiam
1168 4125 1357 4176 ”mierum

400 4220 547 4283 festinate,
560 4223 590 4271 c.
891 4192 1254 4325 ffhiepffffpssifl‘ssffl']
1273 4197 1306 4248 A·
1324 4198 1354 4248 S·
