3100 5050
360 514 364 520 ·
422 490 489 554 666
638 504 752 553 cnsrs
775 502 903 552 nncuu
927 501 1141 551 suenorum.
1238 485 1326 566 [mn.
1342 499 1375 546 v.

264 683 383 724 concon
424 670 489 739 ret,
514 661 707 727 involvens.
761 661 820 726 lta
838 669 992 744 tempore
1016 660 1198 744 aliquanto
1223 658 1262 721 in
1285 657 1373 722 infe·

265 734 356 784 Empll

267 836 381 886 rapum

265 786 292 824 v.
300 744 398 824 alil.
425 762 572 826 rioribus
594 763 710 846 plagis
730 768 898 839 moratus,
914 769 955 826 ut
969 768 1087 846 partes
1112 779 1195 824 suas
1217 765 1376 840 augeret,

427 862 590 940 Romam,
603 864 806 946 compositis
824 864 861 928 in
878 862 997 926 Gallia
1011 862 1126 939 rebus,
1139 860 1247 934 venit,
1267 859 1377 922 liben-
1495 859 1501 881 ⁸

427 972 548 1046 terque
560 982 582 1026 a
594 963 730 1029 civibus
743 962 843 1050 (nam
854 963 930 1047 jam
943 964 1132 1045 imperator
1150 953 1377 1042 discesserat)

428 1070 588 1145 receptus
603 1070 669 1128 est.
720 1063 812 1128 'l'um
836 1063 1024 1140 Burdinus,
1041 1062 1076 1125 in
1093 1059 1207 1124 medio
1222 1059 1378 1136 relictus,

429 1161 583 1226 Sutrium
599 1162 732 1246 cffugit,
749 1164 868 1227 multis
884 1163 1143 1247 peregrinorum
1166 1159 1379 1223 calamitati·

429 1262 495 1326 bus
520 1269 687 1345 papatum
711 1283 815 1328 suurn
835 1263 952 1328 lovere
969 1261 1179 1340 meditatus3
1207 1259 1282 1336 sed,
1307 1277 1380 1341 quo

429 1361 531 1427 modo
559 1363 639 1429 inde
672 1364 719 1429 sit
749 1365 893 1450 ejectus,
925 1362 1084 1446 sequenti
1114 1359 1264 1443 epistola
1293 1377 1379 1440 cog-

430 1481 563 1527 nosces.

482 1563 594 1646 §las
626 1561 810 1628 ‘Calixtus
837 1562 1031 1645 episcopus,
1055 1578 1177 1625 servus
1198 1577 1381 1622 servorum

432 1663 512 1741 Dei,
540 1664 675 1728 dilectis
705 1662 871 1726 fratribus
908 1668 945 1726 et
975 1660 1068 1738 filiis,
1097 1657 1382 1741 archiepiscopis,

432 1763 616 1847 episcopis,
642 1763 838 1840 abbatibus,
868 1761 1054 1844 prioribus,
1083 1767 1119 1824 et
1143 1758 1280 1822 crateris
1308 1764 1381 1821 tam

432 1862 565 1927 clericis
595 1881 699 1945 quam
731 1862 843 1939 laicis,
870 1861 965 1925 beati
997 1859 1094 1924 Petri
1121 1857 1295 1935 fidelibus,
1320 1876 1384 1940 per

433 1961 568 2026 Gallias
584 1962 796 2040 constitutis,
809 1963 959 2027 salutem
973 1967 1009 2026 et
1024 1958 1251 2042 apostolicam
1276 1958 1381 2021 bene·

431 2061 628 2126 dictionem.
680 2061 775 2141 Quia
798 2062 982 2146 dereliquit
1002 2058 1152 2143 populus
1176 2058 1290 2139 legem
1306 2057 1380 2121 Do·

432 2162 528 2239 mini,
550 2163 638 2227 etin
649 2161 790 2247 judiciis
804 2161 880 2246 ejus
899 2181 969 2225 non
986 2159 1152 2235 ambulat,
1166 2158 1289 2222 visitat
1305 2157 1380 2222 Do-

432 2262 546 2325 minus
568 2263 669 2345 virga
691 2262 894 2345 iniquitates
915 2279 1035 2325 eorum
1061 2265 1098 2324 et
1120 2259 1157 2322 in
1180 2258 1381 2322 verberibus

432 2369 576 2443 peccata
598 2381 738 2426 eorum:
761 2368 916 2445 paternae
941 2369 1058 2426 tamen
1078 2376 1290 2423 conservans
1309 2357 1380 2421 vis·

432 2479 512 2526 cera
543 2462 696 2544 pietatis,
724 2462 767 2524 de
799 2479 864 2526 sua
897 2460 1108 2526 confidentes
1143 2455 1380 2522 misericordia

432 2580 502 2624 non
518 2562 693 2644 relinquit.
746 2562 818 2626 Diu
840 2561 1020 2646 siquidem,
1034 2559 1187 2643 peccatis
1206 2558 1379 2640 exigenti-

432 2661 509 2738 bus,
536 2681 598 2744 per
617 2660 704 2725 illud
717 2661 989 2727 Teutonicorum
1006 2658 1107 2742 regis
1130 2657 1274 2735 idolum,
1288 2658 1379 2720 Bur·

432 2760 552 2824 dinum
564 2762 737 2840 videlicet,
751 2761 869 2825 fideles
887 2758 1041 2825 ecclesiae
1058 2757 1257 2823 conturbati
1273 2763 1379 2836 sunt3

432 2867 469 2924 et
480 2860 541 2925 alii
557 2861 694 2943 quidem
717 2862 822 2944 capti,
836 2860 896 2924 alii
913 2858 1084 2944 usquead
1102 2864 1249 2922 mortem
1263 2876 1378 2921 carce-

432 2959 480 3022 ris
495 2960 726 3024 maceratione
738 2959 857 3025 afflicti
870 2967 964 3024 sunt.
1003 2958 1127 3042 Nuper
1141 2966 1270 3034 autem,
1281 2956 1381 3021 festis

434 3057 661 3125 Paschalibus
675 3060 869 3137 celebratis,
882 3079 961 3124 cum
975 3059 1237 3142 peregrinorum
1251 3063 1287 3121 et
1297 3076 1382 3139 pau·

432 3178 554 3242 perum
567 3159 734 3223 clamores
746 3159 836 3223 ferre
850 3159 990 3242 penitus
1007 3178 1077 3223 non
1094 3175 1288 3240 possemus,
1303 3176 1383 3220 cum

433 3257 588 3322 ecclesiae
604 3257 763 3322 fidelibus
774 3260 819 3322 ab
831 3259 916 3322 urbe
929 3257 1076 3340 digressi
1094 3275 1227 3334 sumus,
1241 3263 1278 3321 et
1294 3263 1383 3320 tam-

432 3355 491 3420 diu
510 3356 663 3421 Sutrium
680 3358 890 3435 obsedimus
905 3357 1014 3421 donec
1029 3356 1149 3422 divina
1170 3356 1330 3438 potentia
1345 3361 1382 3419 et

433 3457 667 3538 supradictum
691 3458 846 3521 ecclesiae
868 3456 1045 3521 inimicum
1072 3456 1279 3534 Burdinum,
1303 3454 1383 3541 (qui

433 3555 571 3621 diabolo
595 3557 714 3621 nidum
738 3557 865 3621 ibidem
887 3553 1047 3640 lecerat)
1068 3562 1104 3620 et
1118 3556 1234 3619 locum
1254 3555 1383 3637 ipsum,

433 3656 572 3719 omnino
594 3655 631 3718 in
652 3662 808 3721 nostram
822 3655 966 3720 tradidit
985 3662 1206 3739 potestatem.
1260 3654 1383 3736 Roga·

433 3774 510 3818 mus
526 3756 645 3839 itaque
666 3754 872 3819 charitatem
887 3761 1042 3820 vestram
1060 3761 1100 3819 ut
1115 3774 1179 3838 pro
1195 3754 1305 3817 tantis
1321 3755 1381 3818 be·

433 3855 565 3920 neficiis
586 3875 657 3919 uua
675 3854 854 3920 nobiscum
879 3854 971 3937 Regi
993 3874 1116 3937 regum
1135 3855 1268 3936 gratias
1293 3853 1382 3917 rese-

432 3955 531 4033 ratis,
547 3962 583 4018 et
599 3956 636 4018 in
655 3954 835 4020 catholicae
854 3955 1009 4020 ecclesiae
1033 3954 1230 4019 obedientia
1249 3960 1285 4016 et
1308 3972 1380 4016 ser-

432 4054 519 4126 vitio
541 4056 818 4119 constantissime
840 4056 1023 4132 maneatis,
1039 4054 1301 4119 retributionem
1323 4052 1383 4116 de-

432 4152 539 4216 bitam
561 4154 597 4216 in
619 4155 783 4237 praesenti
805 4163 840 4220 et
861 4155 978 4221 futuro
996 4155 1040 4218 ab
1050 4154 1293 4237 omnipotente
1308 4153 1382 4217 Do·

431 4251 525 4317 mino
554 4269 616 4334 per
645 4254 721 4337 ejus
758 4256 907 4347 gratiam
945 4254 1127 4339 recepturi.
1198 4254 1380 4335 Rogamus
