3100 5050
416 494 483 560 624
638 509 752 559 enses
775 509 904 559 anouu
927 509 1142 558 suenorum
1232 493 1319 574 [nm.
1337 507 1371 555 vs

257 688 376 738 seems
471 665 582 750 §398.
605 665 657 730 Hi
678 687 763 749 ergo
784 667 865 745 duo,
889 666 1080 730 factionum
1106 664 1234 746 capita,
1259 661 1370 726 rebel-

257 741 408 830 :ppffi
420 766 552 830 lionum
566 767 752 846 incentiva,
765 787 843 831 cum
862 768 940 830 aliis
955 785 1043 849 quos
1059 765 1237 829 nominare
1250 763 1371 847 pudet,

255 840 341 930 Ἀφ’
350 838 408 879 ω’
421 868 570 950 patriam
584 868 865 951 populationibus
879 868 950 931 late
966 867 1231 930 contristabant.
1278 863 1371 927 Con-

420 968 713 1050 sumebanturque
732 967 943 1049 frequentes,
972 965 1033 1030 sed
1064 983 1173 1029 cassae
1196 963 1289 1046 apud
1313 983 1373 1027 co-

421 1068 539 1131 mitem
562 1067 713 1149 qnerelae
744 1066 1009 1149 provincialium
1035 1065 1077 1129 de
1105 1064 1272 1130 violentia
1300 1063 1373 1126 cla-

422 1168 613 1232 mantium:
646 1168 850 1230 movebatur
881 1166 935 1230 bis
959 1166 1039 1244 ille;
1075 1163 1136 1228 sed
1166 1165 1270 1228 rebus
1299 1163 1373 1226 suis

422 1268 561 1344 timens,
582 1287 626 1330 ne
650 1267 850 1331 exacerbati
875 1265 951 1350 ejus
975 1265 1226 1348 interpolarent
1249 1263 1375 1341 otium,

421 1367 673 1432 dissimulabat.
725 1364 776 1430 At
788 1385 873 1430 vero
887 1385 951 1428 rex
969 1364 1157 1442 Henricus,
1174 1383 1238 1446 pro
1254 1363 1375 1426 fratris

421 1467 577 1543 infamia,
586 1486 690 1550 quam
703 1465 903 1530 cumulabat
915 1465 1037 1548 patriae
1053 1465 1203 1541 miseria,
1218 1462 1376 1528 dolorem

422 1574 660 1631 transeuntem
682 1566 771 1629 serre
798 1565 983 1648 nequibat:
1018 1564 1155 1628 crudele
1186 1570 1222 1628 et
1245 1581 1268 1626 a
1291 1563 1377 1626 boni

423 1666 590 1749 principis
603 1664 715 1730 officio
731 1665 834 1747 longe
851 1665 928 1728 esse
944 1683 1158 1747 permensus
1168 1662 1259 1746 qnod
1275 1663 1376 1745 impii

423 1766 580 1831 homines
589 1785 779 1848 pauperum
790 1765 937 1829 fortunis
946 1764 1135 1846 ingluviem
1149 1783 1248 1828 suam
1258 1756 1376 1845 ¹urge÷

423 1867 521 1931 bant.
575 1866 701 1948 Itaque
718 1865 860 1929 fratrem
874 1863 918 1928 ad
934 1883 971 1928 se
988 1865 1137 1928 accitum
1154 1865 1191 1927 in
1204 1861 1374 1944 Angliam

425 1966 529 2029 semel
555 1967 681 2030 blande
703 1964 831 2042 verbis
858 1969 938 2046 post
952 1984 1035 2028 vero
1060 1965 1104 2027 in
1122 1963 1376 2028 Normanniam

425 2067 568 2131 veniens
592 2086 662 2130 non
684 2065 791 2129 semel
810 2064 894 2128 dure
919 2064 1031 2142 bellis,
1052 2063 1231 2129 admonuit
1252 2069 1292 2126 ut
1317 2083 1374 2126 co-

425 2167 556 2243 mitem,
574 2186 644 2230 non
660 2164 878 2242 monachum,
893 2173 1032 2246 ageret3
1056 2183 1136 2228 nam
1156 2171 1192 2228 et
1206 2163 1375 2227 incentori

425 2265 602 2330 Willelmo
618 2267 735 2330 omnia
749 2284 828 2348 quae
844 2264 995 2328 habebat
1013 2264 1049 2327 in
1065 2262 1196 2345 Anglia
1219 2263 1377 2341 abstulit,

426 2365 571 2430 castella
599 2366 643 2428 ad
672 2366 784 2429 solum
813 2364 1059 2447 complanavit.
1120 2363 1188 2426 Sed
1220 2383 1298 2435 cnm
1332 2363 1378 2426 ad

428 2484 549 2548 pacem
575 2464 660 2528 nihil
683 2472 915 2548 promoveret,
939 2464 999 2529 diu
1024 2462 1270 2528 deliberatione
1292 2483 1377 2529 con·

428 2565 498 2629 silii
510 2564 607 2647 regia
622 2564 815 2630 sublimitas
831 2567 922 2630 curis
936 2572 1068 2647 pectus.
1078 2565 1245 2641 exercuit,
1259 2572 1378 2627 utrum

429 2665 590 2729 fraternas
607 2666 870 2729 necessitudinis
885 2665 1013 2730 oblitus
1028 2664 1175 2747 patriam
1188 2663 1379 2729 discrimini

428 2765 587 2847 eriperet,
613 2784 658 2828 an
671 2758 878 2829 ²indiscreta
900 2765 1031 2848 pietate
1048 2763 1215 2827 fluctuare
1237 2765 1381 2847 permit-

429 2872 538 2929 teret:
558 2873 594 2929 et
605 2865 761 2948 profecto
775 2885 953 2929 commune
971 2865 1186 2929 commodum
1203 2871 1238 2927 et
1252 2866 1381 2947 pistae,

428 2966 575 3048 privatae
586 2964 849 3029 necessitudinis
858 2965 999 3041 intuitu,
1009 2971 1109 3046 terga
1117 2963 1381 3042 dedissent,nisi

429 3059 504 3149 (³nt
524 3062 639 3150 aiunt)
654 3065 836 3129 Paschalis
858 3064 1068 3147 apostolicus
1089 3064 1306 3128 dubitantem
1334 3065 1381 3129 ad

428 3164 494 3229 hoc
507 3185 593 3247 opus
604 3165 760 3247 epistolis
771 3164 962 3247 impelleret
974 3186 982 3244 ;
992 3182 1208 3240 asseverans
1217 3162 1383 3229 facundia

430 3284 500 3347 qua
515 3266 668 3347 vigebat,
681 3285 750 3329 non
766 3264 840 3328 sore
856 3265 957 3329 civile
973 3264 1113 3341 bellum,
1131 3262 1191 3327 sed
1210 3264 1382 3347 praeclare

461 3544 891 3609 ¹Urgeboat.]00mpareMalmes.
915 3546 1023 3596 brother.
1071 3544 1114 3593 He
1132 3544 1234 3593 writes:
1262 3544 1384 3608 ‘Signifi-

427 3618 460 3666 de
472 3617 559 3667 Gestis
572 3617 689 3667 Pontific.
699 3617 744 3666 lib.
756 3629 775 3666 1.
787 3631 814 3677 p.
826 3619 891 3676 2273
916 3630 1003 3664 camus
1024 3614 1154 3663 dilectioni
1170 3619 1232 3678 tuae,
1255 3616 1384 3665 Norman·

427 3686 616 3737 editFraneol.
631 3690 703 3736 16⁰1.
915 3700 1004 3734 norum
1026 3685 1142 3733 comitem
1163 3689 1281 3745 questum
1309 3688 1383 3749 apud

464 3752 642 3820 Uedianas]
656 3758 687 3805 C.
699 3757 734 3807 D.
747 3757 777 3804 E.
789 3755 820 3805 L.
828 3770 836 3816 ;
854 3756 890 3803 in·
916 3770 961 3805 nos
977 3769 1033 3806 esse
1050 3755 1173 3803 adversus
1184 3755 1326 3817 Anglorum
1344 3773 1384 3808 re·

427 3827 572 3886 discretam,
581 3827 609 3875 S.
917 3841 983 3889 gem,
994 3826 1055 3887 quia
1072 3829 1107 3885 et,
1124 3824 1204 3873 fracto
1223 3833 1382 3877 sacramento

464 3893 521 3944 ³Ut
526 3890 621 3961 uiant]
632 3894 714 3945 There
724 3896 748 3944 is
755 3910 788 3944 no
795 3895 892 3957 vestiga
917 3896 1020 3957 quodsi
1030 3910 1076 3956 pro
1095 3896 1183 3944 eodem
1201 3910 1278 3957 regno
1294 3900 1384 3958 acqui·

428 3966 458 4015 ol
473 3966 524 4014 this
542 3965 699 4015 exhortation
716 3966 742 4014 in
759 3980 810 4026 any
820 3967 893 4013 letter
916 3966 994 4015 rendo
1010 3966 1114 4027 fecerat,
1128 3979 1233 4027 regnum
1250 3966 1383 4017 invaserit.

362 4081 365 4087 ,
429 4035 459 4084 of
474 4036 546 4097 Pope
558 4035 669 4084 Pascbal
683 4036 892 4097 toKingHenry
918 4036 951 4084 Et
969 4036 1035 4084 nosti
1053 4036 1115 4095 quia
1133 4036 1215 4085 eidem
1232 4038 1318 4085 comiti
1338 4038 1383 4087 de·

428 4120 487 4153 now
508 4106 610 4154 known.
652 4106 749 4154 Indeed
771 4106 893 4167 Paschal,
917 4107 1005 4155 bemus
1027 4106 1162 4161 auxilium,
1182 4120 1228 4167 pro
1250 4106 1382 4156 laboribus

429 4176 531 4237 writing
552 4180 578 4223 to
601 4174 759 4237 Archbishop
779 4175 893 4233 Anselm‚
918 4191 981 4237 quos
998 4176 1024 4223 in
1036 4174 1140 4225 Asianae
1155 4176 1271 4225 ecelesias
1290 4177 1384 4227 libera·

430 4246 527 4306 enjoins
537 4245 589 4293 him
600 4249 626 4293 to
636 4246 710 4295 effect
720 4261 736 4294 a
747 4246 894 4294 reconcilia·
918 4248 984 4296 tione
1005 4245 1147 4307 laboravit‚'
1169 4246 1216 4295 &a
1253 4246 1382 4311 (Anselmi

429 4315 482 4373 tion
503 4316 617 4365 between
639 4316 681 4365 the
704 4316 767 4377 king
786 4316 835 4365 and
853 4316 893 4365 his
918 4317 969 4378 Op.
980 4330 1038 4366 nov.
1049 4316 1110 4365 edit.
1122 4332 1148 4377 p.
1161 4320 1218 4382 382,
1229 4317 1278 4367 eol.
1291 4315 1328 4382 2.)
