3100 5050
424 497 490 562 568
646 512 761 561 cnsrn
786 511 911 560 ancon
936 511 1147 561 arenosum
1228 497 1378 578 [marr.

424 671 622 749 constratis,
644 677 799 753 pontem,
823 670 883 754 qui
904 670 1027 734 turrim
1051 678 1087 735 ct
1111 671 1241 734 moenia
1266 669 1378 734 conti-

426 781 561 850 nuaret,
587 772 707 837 fecere.
761 771 820 836 lta
843 771 983 854 perfidis
1004 791 1142 836 versum
1166 772 1205 834 in
1229 771 1376 835 exitium

425 872 519 956 quod
547 879 757 956 paraverant
784 871 829 936 ad
854 871 1054 936 remedium.
1105 871 1197 935 Tum
1221 891 1319 947 vero,
1342 876 1377 934 et

426 973 551 1039 fumeis
572 972 789 1036 flammarum
808 971 934 1054 globis,
950 979 986 1036 et
1001 979 1198 1036 nostrorum
1216 972 1376 1048 andacia,

426 1072 544 1138 nostes
556 1073 694 1138 infracti
710 1072 829 1154 fugam
843 1074 977 1137 ineunt.
1030 1066 1159 1137 ¹Alteri
1173 1072 1209 1135 in
1226 1091 1376 1147 murum,

427 1182 463 1239 et
476 1174 556 1238 inde
569 1175 606 1237 in
622 1174 740 1237 urbem
754 1173 1026 1255 progredientes,
1041 1180 1209 1256 quantum
1224 1172 1289 1236 illa
1302 1173 1377 1236 exi-

428 1276 533 1357 gebat
546 1275 739 1338 animorum
752 1273 889 1352 laetitia,
902 1273 1060 1336 manibus
1075 1291 1187 1354 egere.
1240 1272 1288 1336 Et
1302 1272 1377 1336 baec

364 1357 393 1388 ω’
428 1375 566 1458 quidem
589 1373 738 1439 victoria
761 1374 800 1437 in
829 1380 929 1456 parte
953 1370 1134 1438 Godefridi
1164 1381 1200 1437 et
1228 1372 1377 1436 duorum

430 1475 661 1540 Robertornm
684 1474 812 1539 evenit.
865 1474 1058 1556 Ignorabat
1073 1473 1138 1538 hoc
1157 1473 1378 1538 Raimundus

428 1576 536 1640 donec
561 1575 787 1658 fugitivorum
815 1572 956 1650 clamor,
979 1581 1015 1638 et
1037 1593 1075 1638 se
1096 1573 1140 1637 de
1161 1593 1259 1638 muro
1282 1573 1378 1638 ultro

428 1675 719 1759 praecipitantium
744 1673 859 1752 timor,
888 1673 979 1761 (qui,
1006 1673 1088 1739 dum
1114 1681 1260 1740 mortem
1285 1674 1379 1755 fugi·

429 1784 504 1853 unt,
522 1782 667 1840 mortem
691 1770 890 1858 invadunt)
907 1776 1027 1839 urbem
1051 1782 1190 1858 captam
1213 1775 1379 1858 prodidit.

430 1875 534 1955 Quod
558 1876 717 1952 intuitus,
750 1874 950 1957 strictisque
976 1874 1102 1956 gladiis
1129 1875 1166 1940 in
1191 1869 1380 1957 ²fugitivos

429 1977 576 2053 irruens,
589 1982 758 2058 qnantum
782 1975 994 2040 animositati
1016 1995 1089 2039 suae
1115 1975 1272 2040 sufficere
1282 1975 1380 2060 judi·

429 2077 535 2155 cavit,
551 2076 697 2160 injurias
713 2075 783 2139 Dei
806 2075 916 2139 ultum
940 2074 991 2139 ire
1013 2075 1211 2141 festinabat.
1265 2075 1406 2155 Quin--

428 2184 552 2259 gentos
565 2195 703 2259 quoque
716 2175 913 2260 AEthiopas,
926 2175 999 2258 qui,
1011 2177 1049 2240 in
1062 2196 1177 2242 arcem
1195 2176 1312 2241 David
1324 2197 1380 2242 re-

429 2276 516 2359 fugi,
530 2277 647 2341 claves
670 2283 860 2359 portarum,
884 2272 1039 2359 pollicita
1060 2278 1289 2341 membrorum
1313 2277 1382 2340 im,

431 2378 602 2460 punitate,
633 2375 859 2454 tradiderant,
885 2383 1043 2459 spectato
1071 2377 1168 2460 pacis
1198 2377 1383 2442 commodo

431 2477 625 2560 praesentis,
652 2475 842 2541 incolumes
855 2473 1077 2568 ,Ascalonem
1108 2477 1250 2543 dimisit.
1302 2477 1385 2543 Nec

431 2578 539 2642 ullum
564 2585 640 2643 erat
660 2576 784 2641 Turcis
806 2577 989 2659 refugium,
1014 2578 1066 2642 ita
1088 2586 1124 2643 et
1147 2578 1322 2662 supplices
1344 2588 1384 2643 ct

431 2678 575 2743 rebelles
607 2677 815 2742 insatiabilis
853 2678 907 2741 ira
936 2678 1107 2743 victorum
1142 2680 1383 2745 consumebat.

432 2779 561 2842 Decem
589 2778 699 2841 millia
728 2779 765 2841 in
792 2778 922 2861 templo
952 2777 1149 2843 Salomonis
1175 2779 1381 2859 intersecta3

431 2877 532 2961 plura
556 2899 602 2942 ex
627 2877 777 2959 fastigiis
804 2878 1009 2961 templorum
1039 2885 1074 2943 et
1102 2880 1192 2943 arcis
1220 2879 1383 2963 praeeipi-

431 2985 516 3043 tata.
570 2978 657 3043 Post
684 2977 760 3042 hac
790 2977 961 3042 cadavera
989 2978 1179 3057 cumulata,
1204 2980 1285 3061 igne
1314 2980 1384 3061 im7

432 3078 550 3156 misso,
572 3079 607 3142 in
636 3078 767 3143 aerium
791 3078 945 3143 resoluta
969 3086 1051 3143 sunt
1075 3079 1295 3157 clementum,
1324 3100 1383 3160 ne,

432 3178 604 3242 subdivo
635 3178 672 3241 in
704 3179 821 3242 tabem
848 3178 1003 3257 fluentia,
1028 3178 1132 3244 inerti
1164 3179 1383 3247 attraherent

432 3278 597 3359 contagia
622 3278 762 3343 mundo.
815 3278 873 3342 Ita
902 3278 996 3343 caede
1018 3277 1209 3343 infidelium
1237 3280 1384 3363 expiata

432 3378 529 3451 urbe,
553 3376 772 3460 sepulchrum
793 3378 946 3456 Domini,
970 3380 1064 3462 quod
1091 3380 1224 3445 tamdiu
1247 3380 1385 3446 deside-

432 3484 607 3554 raverant,
631 3496 694 3560 pro
718 3497 790 3560 quo
816 3484 869 3542 tot
893 3478 1028 3544 labores
1053 3480 1217 3559 tulerant,
1244 3482 1382 3565 suppli-

431 3578 529 3641 cibus
552 3576 711 3641 cordibus
733 3584 769 3642 et
784 3580 984 3661 corporibus
1000 3581 1231 3663 expetierunt.
1283 3582 1384 3662 Quot

431 3678 479 3741 ibi
494 3696 634 3759 precum
648 3677 903 3743 thurificatione
916 3680 1043 3745 coelum
1056 3680 1284 3762 incenderint,
1295 3693 1384 3768 quot

431 3777 592 3861 lacrymis
618 3778 732 3842 Deum
753 3779 790 3842 in
812 3781 961 3861 gratiam
985 3782 1236 3862 revocaverint,
1262 3784 1381 3849 nullus

431 3896 584 3959 unquam
598 3878 762 3959 profiteor
778 3881 973 3947 evolveret:
992 3902 1055 3947 nec
1071 3885 1101 3947 si
1115 3892 1271 3950 veterum
1285 3905 1385 3968 pom-

431 3977 549 4061 patica
571 3977 770 4061 eloquentia
794 3981 1015 4062 procederct3
1049 4003 1119 4048 non
1152 3985 1183 4048 si
1207 3984 1384 4069 Orpheus,

464 4258 592 4332 Ἀκοῆ]
615 4262 649 4315 Α.
667 4264 703 4317 D.
723 4266 755 4315 Ε.
773 4266 821 4328 L.;
839 4266 893 4330 alii,
954 4263 1130 4338 'Fugitiaos.]
1150 4272 1180 4321 C.
1197 4271 1232 4322 D.
1245 4272 1297 4335 E.;
1314 4274 1387 4339 fugi.

430 4332 461 4383 S.
474 4334 504 4384 C.
900 4271 905 4401 i
917 4342 997 4401 entes,
1007 4338 1041 4390 A.
1054 4340 1082 4390 S.
1094 4341 1126 4391 L.
