3100 5050
438 481 507 548 734
728 492 904 542 maronia
928 489 1105 542 rtovunaa.
1247 473 1338 558 [arn.
1353 490 1392 538 11.

440 655 477 721 id
494 673 606 739 genus
617 652 783 720 animalia
793 651 838 716 ad
854 671 914 718 eos
925 651 1225 736 compungendum
1239 650 1393 717 irritans.

440 756 523 822 Jam
537 775 621 822 vero
645 761 770 821 nactus
792 754 947 831 Divisas,
966 752 1103 838 jactare
1126 773 1196 818 non
1220 753 1394 819 dubitavit

440 878 479 924 se
500 865 612 924 totam
627 857 805 939 regionem
819 874 842 920 a
852 853 1034 922 Wintonia
1052 873 1164 938 usque
1178 853 1393 919 Londoniam

440 958 563 1044 perid
588 958 771 1024 castellum
795 963 1057 1039 occupaturum,
1078 962 1114 1020 et
1141 954 1186 1020 ad
1209 956 1392 1021 tuitionem

441 1059 497 1126 sui
513 1079 577 1144 pro
592 1059 759 1125 militibus
771 1056 972 1122 Flandriam
985 1056 1182 1121 missurum.
1233 1056 1326 1121 Haec
1340 1057 1392 1121 fa-

440 1179 518 1226 cere
531 1159 756 1225 meditantem
768 1158 857 1222 ultio
872 1156 1025 1224 coelestis
1041 1156 1221 1242 impedivit
1235 1177 1298 1240 per
1312 1151 1393 1223 ¹Jo·

440 1261 591 1326 hannem
619 1259 729 1324 filiurn
758 1256 963 1336 Gildeberti,
991 1277 1128 1340 magnae
1151 1258 1314 1323 versutiae
1340 1259 1392 1322 vi-

440 1382 529 1440 rum,
545 1361 605 1446 qui
620 1360 713 1444 apud
731 1359 948 1442 Merleberge
963 1358 1144 1424 castellum
1157 1358 1328 1424 babebat:
1348 1349 1391 1423 ab

441 1483 484 1529 eo
499 1462 668 1546 siquidem
683 1461 831 1526 vinculis
849 1459 1048 1538 innodatus,
1065 1461 1149 1543 quia
1163 1459 1307 1525 Divisas
1330 1459 1391 1525 do-

440 1564 546 1628 minae
560 1583 634 1629 suae
656 1562 867 1646 imperatrici
881 1560 1025 1626 reddere
1038 1561 1266 1637 detrectabat,
1282 1555 1391 1644 ²pati·

441 1664 524 1729 bulo
547 1682 721 1750 appensus
750 1670 787 1728 et
817 1662 1037 1727 exanimatus
1065 1669 1132 1727 est.
1183 1661 1277 1727 Miro
1300 1662 1393 1726 cirea
1434 1697 1437 1703 ·

441 1765 649 1847 sacrilegum
670 1763 740 1830 Dei
756 1764 888 1848 judicio
910 1763 1098 1840 concitato,
1111 1771 1151 1827 ut
1173 1781 1244 1828 non
1267 1783 1289 1827 a
1311 1783 1392 1846 rege

441 1867 499 1930 cui
513 1866 774 1943 adversabatur,
791 1864 851 1929 sed
874 1864 919 1927 ab
934 1864 1004 1928 illis
1020 1862 1146 1946 quibus
1165 1863 1283 1930 favere
1296 1865 1392 1929 vide-

440 1967 557 2044 batur,
580 1967 726 2032 exitium
752 1973 824 2031 tam
847 1972 950 2048 turpe
975 1964 1151 2030 meruerit.
1203 1964 1332 2030 Mortis
1353 1965 1394 2029 il-

440 2067 509 2134 lius
526 2074 686 2132 auctores
703 2067 808 2148 digno
823 2065 1004 2132 attollendi
1020 2066 1209 2149 praeconio,
1220 2066 1281 2149 qui
1293 2073 1394 2130 tanta

440 2176 538 2253 peste
561 2169 710 2251 patriam
735 2166 927 2246 liberarint,
955 2187 997 2232 ac
1027 2167 1230 2232 intestinum
1257 2166 1392 2232 hostem
1456 2228 1464 2246 ,

441 2276 514 2336 tam
524 2269 621 2354 juste
635 2269 841 2334 damnarint.

441 2461 490 2519 DE
511 2459 705 2510 GONVENTU
729 2459 860 2507 Luem
883 2460 928 2507 ΕΤ
951 2459 1230 2508 ARCHIEPISGOPI
1260 2460 1305 2508 ΕΤ
1329 2461 1394 2508 RE·

492 2561 600 2624 GlNAE,
623 2563 669 2609 ΕΤ
691 2561 850 2610 Roaaarl
873 2536 1020 2610 comnis
1049 2561 1300 2623 GLOEGES'I'RAE,
1324 2563 1393 2611 PRO

491 2662 646 2713 FOEDERR
667 2662 767 2712 Pacls
790 2663 936 2712 AGENDO
965 2663 1078 2711 INTER
1101 2663 1226 2711 REGEM
1261 2664 1307 2710 ET
1334 2664 1394 2711 ΙΜ-

492 2762 740 2813 PERATRIGEM.

282 2881 373 2931 myra
492 2872 588 2957 §32
611 2870 743 2937 Eodem
772 2889 864 2935 anno
887 2870 923 2937 in
948 2869 1155 2938 Pentecoste
1178 2871 1307 2938 resedit
1332 2892 1395 2937 rex

279 2933 426 3034 traditam
442 2972 633 3038 Londoniae
654 2974 692 3037 in
707 2972 824 3050 Turni,
841 2971 1003 3057 episcopo
1026 2974 1269 3039 tantummodo
1291 2973 1394 3056 Sagi-

280 3034 392 3075 mn‘
442 3076 517 3139 ensi
538 3081 733 3158 praesente:
756 3074 874 3139 caeteri
889 3073 945 3138 vel
966 3072 1188 3140 fastidierunt
1207 3075 1267 3156 vel
1287 3074 1392 3140 timu-

442 3179 543 3240 erunt
558 3175 688 3240 venire.
739 3172 932 3257 Aliquanto
948 3182 1041 3258 post,
1066 3176 1240 3241 mediante
1263 3176 1394 3259 legato,

442 3275 652 3359 colloquium
680 3274 848 3340 indictum
878 3282 932 3341 est
961 3276 1053 3340 inter
1073 3277 1329 3362 imperatricem
1360 3284 1395 3341 et

443 3396 572 3459 regem,
601 3378 633 3441 si
663 3375 752 3443 sorte
784 3376 863 3441 Deo
891 3376 1085 3459 inspirante
1115 3396 1188 3462 pax
1214 3377 1395 3443 reformari

442 3484 573 3561 posset.
617 3476 838 3542 Conventum
848 3476 957 3561 juxta
972 3478 1202 3545 Bathoniam:
1226 3479 1334 3543 misso
1348 3499 1393 3543 ex

442 3588 542 3663 parte
559 3578 788 3662 imperatricis
800 3576 957 3644 Roberto
972 3578 1092 3658 fratre,
1107 3586 1143 3643 et
1154 3580 1290 3643 caeteris
1305 3580 1393 3661 suis;

442 3700 488 3744 ex
505 3686 604 3762 parte
626 3679 731 3761 regis,
748 3679 866 3760 legato
888 3686 924 3744 et
947 3679 1218 3764 archiepiscopo,
1234 3680 1338 3743 simul
1360 3688 1394 3746 et

442 3781 574 3863 regina.
625 3772 883 3858 Sed³inaniter,
900 3779 1051 3844 inaniter
1060 3780 1213 3864 inquam,
1222 3781 1395 3845 triverunt

442 3889 479 3947 et
495 3882 603 3947 verba
624 3887 661 3946 et
682 3886 851 3965 tempora,
873 3880 1071 3967 infectaque
1087 3899 1174 3965 pace
1192 3881 1392 3947 discessum.

478 4107 634 4160 ¹Joltuaaem
644 4106 730 4174 filiam
745 4100 906 4176 Giideberti.]
930 4112 1010 4157 oratur
1027 4107 1087 4173 est]
1110 4108 1159 4169 Ε.;
1177 4122 1247 4159 more
1268 4108 1391 4159 latronum

442 4183 493 4244 E.;
509 4178 810 4242 Jobanuemquendaru,
830 4177 858 4227 S.
870 4177 905 4228 D.
929 4193 1069 4241 suspensus
1079 4183 1127 4241 est,
1138 4178 1167 4230 S.
1180 4178 1214 4230 D.
1226 4179 1283 4231 La.

442 4253 497 4303 L2.
964 4247 1120 4314 Humilem]
1138 4250 1174 4302 D.
1186 4251 1219 4303 E.
1231 4250 1304 4313 La.;
1321 4250 1391 4299 omit-

478 4320 616 4383 ²Potibulo
636 4335 755 4385 opponam
777 4324 801 4369 et
819 4317 904 4368 exani·
928 4320 1007 4371 todin
1019 4321 1048 4371 S.
