3100 5050
280 2715 336 2760 Μ).
347 2720 404 2761 1082.

279 3020 421 3063 Remerkable

279 3084 422 3114 occurrentes.

439 514 506 581 452
655 529 770 581 unsre
794 529 925 580 aucun
945 529 1161 579 uucnoauu.
1238 515 1325 598 [un.
1342 532 1398 579 ιιι.

441 685 657 766 Walkerius,
691 688 822 754 furenti
853 689 1044 773 parentelae
1072 689 1227 755 defuncti
1256 676 1398 773 ¹legalis

441 788 563 872 placiti
577 789 749 875 judicium
766 791 944 874 opposuit,
961 798 1178 873 protestatus
1205 790 1397 856 Leobinum

442 908 517 954 suae
551 908 759 973 suorumque
789 891 884 954 necis
914 898 1101 955 auctorem.
1155 891 1226 956 Ubi
1253 899 1396 956 ventum

443 989 487 1053 ad
501 990 681 1073 placitum,
699 992 803 1055 nullis
819 991 924 1055 effera
941 1010 1027 1073 gens
1042 992 1236 1056 rationibus
1250 992 1397 1058 emolliri

441 1091 558 1173 potuit
578 1092 661 1174 quin
683 1092 719 1156 in
741 1092 942 1175 episcopum
968 1090 1112 1157 referret
1129 1092 1279 1176 culpam,
1302 1094 1396 1176 quod

442 1192 563 1256 ambos
585 1191 774 1256 homicidas
797 1193 833 1256 in
850 1193 946 1257 curia
961 1193 1038 1277 ejus
1054 1201 1136 1276 post
1155 1213 1275 1257 necem
1290 1193 1396 1258 Liulfi

442 1291 659 1357 familiariter
667 1293 860 1358 diversatos
878 1293 1058 1359 vidissent.
1098 1294 1298 1358 Surrectum
1312 1307 1397 1377 ergo

442 1391 478 1457 in
504 1393 672 1458 clamores
698 1402 734 1460 et
754 1394 848 1474 iras3
871 1402 907 1458 et
922 1392 1142 1458 Gislebertus
1168 1393 1211 1457 de
1237 1395 1396 1471 ecclesia,

441 1491 478 1557 in
496 1513 566 1577 qua
582 1514 660 1558 cum
676 1495 839 1578 episcopo
862 1494 1012 1572 sederat,
1029 1494 1123 1559 ultro
1146 1495 1338 1577 egrediere,
1356 1504 1398 1560 ut

441 1597 505 1659 suo
522 1595 677 1678 periculo
694 1597 804 1661 vitam
822 1595 951 1660 domini
973 1603 1196 1672 mercaretur,
1212 1596 1317 1678 impie
1339 1616 1395 1661 oc-

442 1695 543 1759 cisus
595 1695 685 1759 Tum
703 1696 844 1779 praesul,
862 1715 935 1781 prae
948 1695 1068 1781 januis
1086 1715 1206 1780 pacem
1223 1699 1395 1779 praetento

442 1814 538 1859 ramo
556 1795 715 1874 offerenS,
733 1797 863 1861 rabiem
877 1797 976 1878 vulgi
990 1796 1146 1880 explevit
1167 1797 1396 1864 interemtus:

442 1895 551 1960 fomes
575 1897 680 1960 etiam
702 1898 786 1962 mali
803 1897 980 1962 Leobinus
1006 1897 1282 1975 semiustulatus,
1301 1898 1396 1980 quod

442 1997 511 2060 nisi
527 1997 673 2061 ecelesia
690 2005 843 2062 cremata
860 1998 956 2062 exire
971 1998 1123 2076 nolebat,
1141 1998 1287 2061 exiliens
1301 1999 1395 2062 mille

442 2097 573 2160 lanceis
595 2105 763 2181 exceptus
786 2104 852 2162 est.
905 2097 1117 2163 Praedictum
1132 2098 1167 2162 id
1183 2098 1227 2161 ab
1240 2097 1396 2181 Edgitha

443 2197 565 2262 relicta
580 2199 673 2278 regis
691 2198 874 2278 Edwardi3
893 2217 975 2262 nam
990 2217 1069 2262 cum
1084 2199 1166 2262 olim
1175 2196 1395 2265 Walkerium

443 2297 589 2362 vidisset
605 2298 796 2363 Wintonie'e
828 2299 873 2362 ad
906 2298 1177 2363 consecrandum
1206 2298 1300 2377 duci,
1327 2319 1397 2365 caea

443 2399 534 2461 sarie
550 2398 748 2477 lacteolum,
765 2399 868 2463 vultu
890 2418 1040 2477 roseum,
1060 2406 1197 2463 statura
1219 2419 1397 2483 praegran-

443 2498 533 2576 dem,
559 2498 774 2563 ‘Pulohrum
796 2499 875 2578 hio,’
894 2500 956 2577 ait,
971 2503 1182 2584 ‘martyrem
1200 2492 1395 2580 'habemus’

442 2600 643 2685 conjectura
660 2600 822 2666 videlicet
837 2599 1051 2665 immodestae
1068 2601 1219 2665 nationis
1237 2601 1283 2664 ad
1304 2610 1396 2685 prae*
1426 2657 1431 2665 Ι
1538 2655 1539 2668 ,

443 2700 647 2783 sagiendum
664 2700 819 2765 inducta.
857 2700 1035 2765 Successit
1050 2702 1083 2765 ei
1099 2694 1317 2766 ²Willelmus
1334 2703 1397 2767 ab·-

442 2802 505 2865 bas
535 2800 647 2866 saneti
677 2800 829 2879 carilefi,
855 2802 916 2884 qui
943 2801 1130 2868 monachos
1154 2802 1192 2865 in
1220 2802 1397 2868 Dunelmo

442 2904 571 2985 posuit.
1391 2909 1395 2913 “

443 3048 446 3054 -
502 3004 611 3089 §272
644 3004 834 3082 Praeterea,
868 3024 959 3068 anno
990 3010 1177 3088 antequam
1210 3004 1398 3069 moriretur

442 3106 616 3188 proximo,
648 3105 845 3170 mortalitas
877 3104 1055 3169 hominum
1087 3112 1123 3169 et
1144 3104 1397 3188 jumentorum,
1448 3186 1454 3195 ·

442 3206 496 3270 vis
528 3212 775 3288 tempestatum
808 3205 983 3288 frequens
1009 3204 1177 3270 violentia
1203 3204 1395 3288 fulgurum,

441 3313 610 3389 quantam
641 3326 742 3370 nemo
774 3306 923 3383 viderat,
952 3324 1053 3370 nemo
1085 3304 1255 3369 audierat.
1325 3305 1396 3371 Illo

442 3424 581 3490 quoque
607 3416 699 3471 anno
725 3426 796 3489 quo
821 3407 920 3483 obiit,
937 3406 1137 3489 promiscua
1161 3404 1267 3470 febris
1293 3406 1394 3488 plus·

442 3509 548 3589 quam
570 3506 746 3571 dimidiam
768 3514 905 3590 partem
930 3506 1041 3589 plebis
1065 3506 1223 3589 depasta,
1245 3505 1333 3570 adeo
1356 3514 1398 3571 nt

441 3606 559 3689 plures
575 3607 839 3671 incommoditas
855 3606 966 3670 morbi
991 3607 1236 3689 extingueret3
1259 3606 1397 3686 deinde,

440 3710 505 3791 p'ro
526 3708 730 3791 intemperie
754 3706 990 3786 aeris,2sames
1016 3708 1204 3771 subsecuta
1219 3707 1325 3789 vulgo
1346 3708 1397 3771 ir·-

476 3932 485 3967 ¹
497 3935 598 3999 Legolis
606 3934 694 3999 placiti
698 3934 823 3998 judiciam
833 3951 905 4001 oppo-
930 3935 1046 3985 secrated
1058 3934 1149 3996 bishop
1162 3934 1192 3985 oi
1204 3933 1321 3983 Durham
1332 3936 1396 3986 Jen.

439 4004 512 4068 autu]
532 4005 812 4056 Walkeriusofferedto
823 4021 904 4068 purge
932 4010 956 4068 3,
973 4009 1047 4067 1082,
1063 4004 1123 4054 held
1136 4004 1178 4055 the
1192 4004 1263 4054 office
1282 4004 1312 4054 of
1326 4005 1401 4055 chief

440 4076 546 4127 himself
563 4077 597 4137 by
616 4076 676 4125 oath
692 4076 755 4125 from
772 4077 808 4125 all
825 4078 903 4140 perti·
924 4076 1020 4138 justice
1028 4076 1058 4125 ol
1066 4076 1185 4138 Englnnd
1193 4074 1396 4125 underWilliern

439 4148 552 4209 cipation
573 4148 600 4195 in
621 4146 664 4195 the
686 4147 797 4198 murder.
822 4147 903 4213 (Flor.
928 4146 970 4195 the
982 4146 1137 4206 Conqueror.
1174 4147 1217 4195 He
1233 4159 1288 4195 wes
1304 4146 1397 4195 driven

440 4214 736 4281 Wigom.A.D.1080.)
927 4216 992 4266 from
1008 4216 1049 4264 his
1066 4230 1110 4265 see
1129 4214 1168 4266 lor
1185 4231 1202 4266 a
1219 4216 1397 4267 considerable

475 4284 723 4337 ²Willelmasoblms
739 4285 819 4336 sancti
831 4286 904 4335 Cari·
926 4288 988 4336 time
1015 4288 1051 4347 by
1077 4286 1191 4335 Williem
1218 4286 1313 4350 Rufus,
1342 4288 1397 4337 and

438 4357 502 4423 tefi.]
513 4357 627 4407 william
637 4358 670 4407 de
682 4357 833 4421 Karilepho,
844 4372 903 4407 con·
927 4357 989 4407 died
998 4356 1059 4408 Jen.
1069 4360 1096 4420 6,
1107 4360 1181 4407 1⁰9⁵.
