3100 5050
417 458 483 525 508
634 478 747 527 cnsrr
772 478 899 526 arcun
924 476 1138 527 ancnonun.
1223 460 1308 543 [mn.
1326 476 1376 525 ιν.

420 635 520 700 Tunc
551 636 685 719 aliquot
715 637 811 701 horis
838 630 1073 701 'antelucanis
1104 635 1261 700 nonnihil
1285 636 1375 717 vigi·

421 736 541 799 latum.
595 735 708 801 Paulo
724 744 816 820 post,
831 757 908 801 curn
919 737 994 821 jam
1011 735 1149 801 Aurora
1166 736 1256 799 diem
1279 736 1375 800 inve-

421 836 503 900 here
535 836 772 916 meditaretur,
804 837 993 901 monachus
1024 836 1165 921 quidam
1201 844 1373 900 transma-
1426 884 1429 888 .

422 937 517 999 rinus
539 937 658 1001 retulit
684 937 840 1001 Roberto
868 937 940 1001 filio
966 935 1151 1014 Humanis,
1172 936 1248 1001 viro
1274 956 1372 1018 mag-

423 1044 544 1100 natum
571 1038 731 1122 principi,
757 1038 928 1102 somnium
943 1037 1036 1119 quod
1061 1036 1180 1101 eadem
1206 1044 1307 1101 nocte
1330 1037 1374 1100 de

424 1156 508 1218 rege
539 1137 684 1214 viderat,
715 1138 840 1202 mirum
872 1143 908 1201 et
942 1135 1169 1201 horrendum:
1201 1135 1306 1216 Quod
1336 1137 1373 1200 in

423 1236 598 1321 quandam
631 1237 810 1302 ecclesiam
843 1243 1000 1313 venerat,
1027 1237 1176 1319 superbo
1210 1243 1312 1318 gestu
1338 1244 1374 1301 et

423 1336 598 1415 insolenti,
628 1345 666 1402 ut
685 1337 835 1415 solebat,
869 1337 1135 1401 circumstantes
1167 1336 1372 1420 despiciens.

423 1436 535 1515 Tunc,
560 1437 764 1501 crucifixum
790 1436 963 1501 mordicus
995 1436 1268 1519 apprehendens,
1293 1438 1372 1500 bra·

422 1537 503 1601 chia
518 1537 570 1601 illi
585 1538 781 1615 corroserit,
798 1556 900 1601 crura
913 1556 1000 1621 pene
1018 1537 1243 1601 truncaverit.
1284 1535 1372 1600 Cru-

423 1637 566 1701 cifixum
581 1637 640 1702 diu
655 1637 836 1714 tolerasse,
853 1638 913 1701 sed
929 1636 1068 1701 tandem
1091 1637 1178 1719 pede
1192 1637 1243 1700 ita
1256 1656 1373 1718 regem

422 1738 647 1821 depulissent
662 1738 806 1821 supinus
818 1738 978 1803 caderet:
1003 1757 1048 1801 ex
1062 1756 1122 1801 ore
1132 1736 1283 1821 jacentis
1298 1743 1370 1801 tarn

422 1837 564 1901 effusam
596 1837 769 1902 flammam
790 1839 917 1916 exisse,
934 1831 991 1900 2ut
1013 1838 1204 1902 fumeorum
1226 1837 1372 1901 volumi·

422 1957 504 2000 num
527 1940 627 2001 orbes
653 1939 756 2002 etiam
782 1938 897 2001 sidera
918 1937 1121 2002 lamberent.
1173 1936 1255 2001 Hoc
1279 1957 1371 2001 som·
1449 1968 1453 1977 ·

318 2036 321 2044 '
422 2038 518 2100 nium
535 2037 710 2103 Robertus
729 2057 799 2102 non
816 2038 1061 2120 negligendum
1082 2038 1283 2114 arbitratus,
1298 2038 1371 2119 regi

421 2138 613 2213 confestim,
630 2138 721 2221 quod
745 2139 775 2202 ei
795 2157 817 2201 a
830 2138 972 2202 secretis
996 2143 1084 2214 erat,
1099 2137 1235 2201 intulit:
1260 2138 1370 2201 atille

420 2237 607 2302 cachinnos
627 2238 857 2320 ingeminum,
880 2237 1120 2315 ‘Monachus'
1134 2238 1258 2320 inquit,
1280 2243 1368 2315 ‘est,

420 2343 456 2402 et
471 2357 578 2402 causa
593 2358 811 2403 nummorum
828 2337 1079 2402 monachaliter
1094 2338 1266 2416 somniat3
1290 2337 1370 2402 date

423 2438 455 2501 ei
480 2445 617 2502 centum
642 2438 794 2503 solidos?
846 2437 998 2502 Multum
1021 2445 1138 2502 tamen
1162 2444 1288 2514 motus,
1310 2438 1369 2502 diu

423 2546 606 2604 cunctatus
622 2548 675 2603 est
689 2559 733 2602 an
757 2539 793 2603 in
817 2538 950 2622 sylvam
967 2539 1058 2603 sicut
1077 2539 1272 2603 intenderat
1293 2539 1371 2617 iret,

422 2639 648 2703 suadentibus
678 2639 798 2703 amicis
822 2659 866 2702 ne
896 2659 959 2704 suo
985 2638 1164 2722 dispendio
1189 2640 1370 2703 veritatem

424 2739 634 2803 somniorum
651 2740 878 2822 experiretur.
931 2727 1057 2821 Itaque
1079 2745 1160 2802 ante
1183 2740 1296 2803 cibum
1310 2759 1370 2805 ve·
1455 2819 1461 2828 .

422 2846 508 2902 natu
533 2838 713 2917 abstinuit,
736 2839 836 2903 seriis
858 2839 1007 2920 negotiis
1024 2832 1245 2903 ³cruditatem
1271 2839 1370 2903 indo·

421 2939 514 3002 mitae
538 2941 663 3004 mentis
690 2946 897 3018 eructuans;
924 2938 1052 3016 ferunt,
1074 2957 1117 3002 ea
1145 2939 1201 3002 die
1226 2939 1371 3020 largiter

422 3039 611 3121 epulatum,
627 3038 856 3102 crebrioribus
878 3057 981 3120 quam
995 3045 1223 3103 consueverat
1237 3039 1370 3122 poculis

419 3137 567 3202 frontem
599 3157 790 3203 serenasse.
845 3137 933 3201 Mox
958 3137 1066 3219 igitur
1095 3145 1176 3221 post
1198 3139 1310 3203 cibum
1332 3139 1370 3202 in

419 3239 546 3302 saltum
571 3237 759 3315 contendit,
778 3238 900 3319 paucis
915 3239 1123 3318 comitatus3
1149 3257 1294 3321 quornm
1317 3238 1370 3302 fa-

418 3337 671 3402 miliarissimus
696 3346 771 3400 erat
786 3331 991 3402 ⁴Walterius
1016 3345 1245 3421 cognomento
1260 3337 1369 3416 Tirel,

452 3515 655 3587 ¹Autelacanis.]
679 3519 712 3571 A.
736 3520 765 3570 S.
790 3523 820 3571 C.
843 3522 878 3572 D.
906 3521 1013 3580 ceired3
1028 3520 1075 3569 but
1091 3519 1183 3582 Suger,
1193 3534 1210 3568 a
1225 3523 1369 3582 contempo-

417 3592 441 3639 E
449 3595 473 3641 2.
485 3591 535 3652 1..;
551 3591 738 3652 antelucanum,
749 3591 775 3639 E
784 3595 807 3641 1.
905 3605 964 3652 rary
975 3589 1106 3652 historiar,
1117 3591 1177 3652 and,
1191 3604 1220 3638 as
1238 3590 1258 3637 it
1277 3603 1368 3652 seems,

451 3659 671 3720 'Utfumeorum
686 3655 878 3730 ..lumberert]
905 3675 922 3709 a
938 3660 1021 3709 friend
1040 3660 1069 3708 of
1082 3660 1160 3722 Tirel,
1177 3659 1324 3708 inhisLife
1342 3660 1373 3709 of

417 3730 446 3780 S.
461 3732 490 3781 C.
504 3731 539 3780 D.
551 3732 584 3781 E.
596 3731 644 3791 L.;
660 3736 690 3778 ut
700 3730 764 3779 fumi
778 3732 877 3794 magni·
906 3730 984 3779 Leuis
1005 3729 1030 3778 le
1047 3729 1115 3779 Gros
1136 3729 1199 3791 king
1216 3728 1246 3791 of
1261 3730 1368 3792 France,

415 3801 477 3850 tudo
489 3802 564 3850 etiam
576 3800 661 3850 sidem
667 3800 835 3863 obnubilaret,
844 3799 877 3850 A.
905 3799 1021 3862 alluding
1034 3804 1061 3847 to
1077 3799 1121 3848 the
1137 3799 1214 3848 death
1229 3799 1260 3848 of
1273 3799 1368 3863 Rufus,

449 3868 653 3933 ”Cruditutemq
670 3870 703 3920 A.
721 3871 756 3920 D.
777 3872 810 3921 E.
828 3872 877 3933 L.;
904 3871 1032 3932 observes,
1052 3868 1249 3930 ‘Imponehatur
1272 3885 1289 3918 a
1311 3871 1369 3930 qui·

414 3940 599 4002 crudelitatem,
610 3939 640 3990 s:
652 3942 683 3990 C.
903 3939 1011 3989 busdam
1030 3939 1131 3988 cuidam
1147 3940 1226 3987 nobili
1242 3938 1367 3989 Gualtero

448 4009 458 4038 ⁴
474 4011 608 4060 Walterias
621 4014 775 4071 cognmnento
788 4009 876 4071 ficet]
902 4009 1004 4070 'l'yrello
1010 4009 1078 4071 quod
1085 4023 1142 4057 eum
1149 4010 1243 4072 sagitta
1250 4009 1367 4070 perfode·

413 4079 467 4129 The
478 4081 597 4130 tradition
612 4080 642 4128 of
650 4080 762 4128 william
782 4080 876 4141 haring
902 4084 957 4128 rat:
974 4093 1059 4141 quem,
1073 4092 1131 4127 cum
1146 4094 1192 4127 nec
1210 4079 1309 4127 timeret
1319 4093 1365 4127 nec

412 4152 514 4199 methis
525 4150 601 4200 death
619 4151 653 4211 by
664 4149 707 4199 the
717 4149 787 4197 hand
798 4149 828 4197 of
835 4150 876 4197 Sir
902 4154 1024 4211 speraret,
1030 4149 1198 4211 jureJurando
1209 4149 1306 4209 saepius
1321 4163 1367 4198 aa·

412 4219 510 4268 Walter
527 4221 605 4282 Tirel,
619 4219 706 4268 whilst
724 4218 832 4281 hunting
848 4221 874 4267 in
900 4218 1011 4269 divimus
1027 4220 1102 4281 quasi
1121 4223 1307 4268 sacrosanctum
1323 4233 1363 4267 as·

411 4289 453 4338 the
466 4291 532 4340 New
544 4292 640 4352 Forest,
652 4290 674 4338 is
695 4290 823 4352 generally
835 4304 873 4338 re·
902 4302 995 4352 serere,
1001 4289 1108 4351 quodea
1114 4289 1301 4337 dienerineam
1309 4303 1368 4349 par-
