3100 5050
432 480 499 548 430
654 495 770 546 onera
792 496 922 548 ιιιιιιιιιι
944 498 1160 549 suanorum.
1230 485 1316 568 [nra.
1333 501 1390 552 ιιι.

432 652 542 731 berni,
559 651 802 738 desponderat,
824 653 959 740 majora
969 653 1070 740 justo
1089 662 1204 720 mente
1225 656 1385 735 metiens,

433 753 652 836 tyrannidem
682 753 811 818 adoriri
841 755 1086 820 meditabatur.
1150 755 1277 839 Itaque
1306 757 1384 839 ipso

433 853 634 935 nuptiarum
669 853 725 918 die
761 855 899 935 maguis
927 855 1153 938 apparatibus
1186 855 1384 920 convivium

433 953 618 1034 agitatum,
639 950 751 1038 (quod
778 952 1058 1018 Nummorum
1089 954 1182 1036 gulae
1204 954 1282 1040 jam
1306 953 1384 1020 An·

432 1051 569 1134 glorum
585 1051 692 1117 luxus
708 1050 928 1138 influxerat)
944 1055 1050 1118 ebriis
1063 1054 1234 1132 convivis,
1251 1060 1287 1119 et
1300 1056 1384 1120 uino

433 1152 658 1230 tumentibus,
675 1152 792 1234 amplo
806 1154 990 1217 verborum
1012 1154 1144 1217 ambitu
1168 1154 1384 1237 propositum

432 1270 533 1315 suum
547 1252 678 1335 aperit:
702 1251 765 1329 illi,
782 1251 866 1334 quia
883 1252 921 1316 in
944 1272 1065 1317 eorum
1085 1253 1201 1317 auimo
1215 1271 1280 1335 pro
1295 1259 1383 1336 potu

432 1351 543 1414 omnis
566 1352 656 1416 ratio
673 1351 861 1433 caligabat,
876 1352 1010 1434 ingenti
1028 1353 1155 1436 plausu
1171 1351 1301 1416 dicenti
1324 1371 1382 1416 ac·

430 1450 591 1515 clamant.
644 1450 700 1514 Ibi
737 1450 912 1533 Rogerius
947 1470 1065 1516 comes
1098 1450 1379 1530 Herelordeusis,

430 1551 552 1614 uxoris
566 1549 708 1614 Radulfi
722 1549 842 1628 frater,
855 1550 905 1613 ibi
921 1550 1136 1630 Weldeofus,
1152 1552 1201 1616 ibi
1214 1557 1384 1634 praterea

430 1649 686 1731 quamplurimi,
716 1649 753 1714 iu
790 1668 910 1714 necem
938 1651 1038 1732 >repis
1077 1650 1282 1735 coujurant;
1319 1651 1381 1714 sed

430 1754 570 1831 postero
583 1747 652 1825 die,
666 1767 757 1825 oum,
770 1748 907 1830 digesto
929 1749 1045 1814 calore
1061 1750 1145 1828 viui,
1159 1751 1384 1833 temperatior

430 1865 518 1911 aura
533 1847 639 1912 corda
655 1847 872 1930 quorundam
896 1847 1061 1927 afflasset,
1075 1850 1187 1934 major
1200 1868 1282 1932 pars
1295 1849 1382 1914 facti

429 1947 602 2028 poenitens
616 1965 638 2010 a
652 1947 812 2012 convivio
825 1946 972 2030 dilapsa.
1014 1949 1113 2013 Unus
1128 1968 1246 2014 eorum
1263 1947 1381 2034 (Wal-

430 2044 514 2109 deof
522 2043 661 2131 fertur),
676 2047 737 2129 qui
760 2047 905 2111 oonsilio
923 2047 1110 2112 Laufrauci
1130 2048 1381 2131 archiepiscopi

430 2138 694 2210 ¹N0rmauuiam
708 2146 801 2211 ultro
809 2139 1006 2230 'navigaua
1017 2167 1090 2211 rem
1098 2148 1186 2230 regi,
1194 2166 1302 2212 causa
1313 2167 1382 2213 sua

429 2244 604 2311 duntaxat
627 2246 752 2324 celata,
767 2245 912 2310 detulit:
935 2253 974 2312 at
995 2248 1140 2312 comites
1163 2247 1201 2310 in
1224 2247 1380 2330 incoepto

430 2345 626 2426 persistere,
636 2344 867 2427 provinciales
881 2366 965 2410 suos
978 2347 1126 2429 quisque
1137 2346 1175 2410 in
1190 2346 1379 2410 tumultum

430 2445 604 2524 excitare;
622 2444 682 2508 sed
698 2445 890 2509 obsistebat
905 2446 955 2509 eis
972 2447 1081 2522 Deus,
1095 2464 1215 2510 omnes
1231 2452 1379 2510 conatus

430 2562 549 2607 eorum
565 2546 601 2607 in
612 2544 752 2608 irritum
770 2544 952 2610 deducens.
1005 2545 1094 2611 Mox
1111 2546 1203 2609 euim
1224 2565 1262 2610 re
1284 2565 1379 2609 com·

430 2643 664 2725 pentadecas
687 2644 791 2726 regis,
805 2644 866 2725 qui
889 2645 1083 2710 custodiam
1104 2644 1379 2728 praetendebant,

431 2742 622 2808 Radulfum
648 2742 692 2807 ad
711 2743 778 2807 hoo
800 2743 1009 2809 calamitatis
1024 2745 1233 2826 compulere,
1253 2751 1306 2822 ut,
1321 2763 1380 2808 ar·

431 2850 531 2924 repta
554 2860 644 2906 nave
669 2841 761 2926 apud
780 2840 934 2920 Norwic,
954 2844 1041 2908 mari
1064 2863 1103 2907 se
1125 2844 1379 2909 committeretz

430 2961 521 3005 uxor
541 2941 629 3024 ejus,
651 2949 756 3025 pacta
778 2944 1006 3006 membrorum
1030 2942 1156 3021 salute,
1178 2942 1379 3025 traditoque

430 3041 585 3117 castello,
600 3042 762 3105 maritum
783 3049 914 3106 secuta.
967 3042 1154 3124 Rogerins,
1171 3060 1288 3123 araga
1302 3042 1380 3106 vin·

429 3140 516 3203 culis
544 3140 709 3217 irretitus,
740 3148 816 3203 tota
841 3141 916 3204 vita
939 3160 1111 3205 carcerem
1145 3141 1379 3222 frequentavit

430 3238 486 3303 vel
502 3238 619 3321 potius
632 3238 778 3303 incoluit
792 3258 801 3318 ;
824 3236 1039 3304 detestandae
1055 3239 1210 3322 perfidiae
1227 3239 1381 3324 juvenis,

429 3356 492 3401 nec
508 3337 661 3402 moribus
675 3339 881 3419 patrissans.

318 3520 337 3549 α
480 3436 586 3519 §256.
610 3437 787 3519 Siquidem
801 3430 957 3519 'genitor
975 3436 1064 3520 ejus,
1079 3436 1275 3502 Willelmus
1287 3438 1381 3503 lilius

464 3651 661 3704 1Νιιιιιιιιιιιὶιιιιι
678 3654 743 3701 ultro
761 3652 890 3715 meum,
913 3651 979 3701 hare
993 3650 1098 3700 omitted
1107 3650 1151 3701 the
1161 3650 1244 3701 whole
1259 3667 1380 3717 passage,

427 3738 478 3772 rann
492 3725 557 3785 regi,
573 3738 646 3772 canan
660 3737 705 3771 aaa
721 3724 844 3771 dantum
853 3737 890 3770 aa·
914 3722 1024 3769 muse
1031 3719 1091 3781 they
1102 3720 1148 3768 did
1158 3724 1379 3783 notcomprehend

327 3788 333 3808 '
427 3794 488 3855 ata,
503 3793 614 3856 detulit]
646 3791 697 3841 Mr.
717 3792 830 3854 Ingram,
847 3791 890 3839 the
914 3790 953 3839 ie’
993 3789 1044 3838 Mr.
1066 3790 1197 3851 lngrm’s
1213 3805 1318 3841 masone
1339 3794 1379 3845 for

427 3864 509 3911 editor
529 3863 559 3912 of
576 3862 619 3911 the
640 3861 725 3911 Saxon
747 3860 891 3922 Chionitis,
914 3858 1026 3921 erriring
1042 3859 1138 3907 atthis
1159 3860 1306 3910 conclusion
1324 3878 1380 3927 are,

427 3932 475 3981 has
486 3932 596 3982 accused
608 3931 783 3992 Malmesbury
794 3930 823 3980 of
829 3931 889 3978 here
914 3928 1040 3989 however,
1049 3927 1089 3976 far
1098 3927 1163 3977 from
1174 3929 1345 3992 sadalaotory.

426 3999 746 4063 pervertingthewordsol
753 4000 797 4048 the
805 4001 890 4049 Βαιοιι
950 3994 1126 4061 ’Naeuam
1148 3999 1214 4060 1313
1230 4001 1380 4069 enavigans,

428 4071 571 4121 Chrouiole.
594 4070 637 4119 He
648 4069 890 4131 moreovereharges
913 4066 947 4116 A.
960 4067 989 4116 S.
1003 4067 1033 4116 G.
1045 4067 1081 4116 D.
1092 4068 1117 4115 E
1124 4071 1149 4117 2.
1161 4067 1193 4116 h.

426 4141 469 4189 the
481 4141 556 4189 Latin
570 4138 705 4188 historiens
715 4137 779 4187 with
795 4139 891 4200 having
948 4132 1076 4185 'Genitor
1094 4136 1168 4200 eina]
1184 4137 1298 4186 William
1309 4139 1379 4190 Fitu·

426 4210 454 4258 iu
470 4209 572 4271 general
594 4207 797 4257 misunderetood
818 4209 890 4258 these
914 4205 1029 4255 Osberue
1039 4220 1095 4254 was
1112 4206 1172 4267 only
1183 4206 1225 4254 the
1243 4207 1379 4261 father-in.

426 4280 520 4343 words,
531 4278 581 4328 and
600 4292 714 4328 meumes
733 4277 808 4329 that‘
816 4280 890 4329 snus
913 4276 966 4326 law
976 4274 1006 4325 ol
1013 4275 1098 4337 Ralph
1109 4275 1142 4325 de
1152 4275 1268 4327 Guader.
