3100 5050
419 477 486 544 528
629 493 743 543 cnsrs
768 493 896 544 aucun
919 491 1135 542 Aramaua.
1219 477 1308 560 [ura.
1324 493 1377 542 ιν.

420 663 605 728 Domiuico
616 663 796 742 admoniti,
811 662 945 728 ammas
961 682 1025 745 pro
1035 662 1201 727 iratribus
1212 664 1371 746 ponatm:

420 763 599 828 charitatis
625 764 836 847 stipendium
863 765 930 828 erit
951 763 1020 827 Dei
1041 764 1169 845 gratia,
1195 763 1264 827 Dei
1290 783 1374 846 gra·

419 865 504 928 tiam
519 872 683 947 sequetur
698 865 773 930 vita
790 871 937 930 aeterua.
974 864 1031 928 Ite
1044 883 1129 947 ergo
1143 864 1305 942 feliciter,
1321 865 1372 929 ite

419 964 643 1042 confidenter,
661 965 706 1029 ad
722 966 881 1030 inimicos
901 964 969 1030 Dei
989 963 1259 1048 persequendos.
1310 964 1373 1030 Illi

420 1066 512 1129 euim
522 1065 598 1150 jam
624 1065 755 1148 pridem
771 1064 896 1152 (proh!
919 1072 1072 1149 quantus
1090 1064 1372 1130 Christianorum

419 1166 532 1248 pudor
544 1162 572 1250 l)
600 1166 748 1250 Syriam,
777 1164 992 1242 Armeniam,
1024 1184 1162 1230 omnem
1192 1172 1373 1249 postremo

418 1264 541 1330 Asiam
559 1266 729 1330 Minorem
745 1265 866 1353 (cujus
887 1266 1075 1348 provinciae
1096 1272 1180 1331 sunt
1197 1265 1372 1344 Bithinia,

420 1365 587 1450 Phrygia,
603 1365 757 1444 Galatia,
777 1365 889 1444 Lidia,
908 1364 1025 1444 Caria,
1043 1365 1252 1448 Pamphilio,
1265 1365 1374 1430 Isau·

418 1467 482 1544 ria,
500 1467 609 1545 Idola,
625 1463 779 1551 Cilicia),
791 1473 1069 1550 occupaverunt3
1092 1486 1184 1530 nune
1197 1465 1371 1532 Illiricum

418 1574 454 1630 ct
468 1586 586 1632 omnes
611 1567 792 1632 inferiores
814 1575 926 1632 terras
948 1567 1138 1632 insolenter
1158 1567 1371 1650 inequitant,

419 1686 528 1750 usque
554 1667 598 1732 ad
621 1687 716 1732 mare
735 1667 829 1750 quod
859 1667 1047 1732 Brachium
1069 1666 1190 1732 Sancti
1207 1661 1373 1750 'Georgii

418 1775 576 1832 vocatur.
628 1766 721 1846 Quid
741 1767 835 1851 quod
852 1767 1074 1832 Domiuieum
1095 1775 1370 1846 monumentum,

419 1868 557 1933 unicum
583 1867 662 1932 fidei
693 1868 833 1950 pignus,
855 1869 980 1933 ditioni
1013 1887 1087 1932 suae
1110 1867 1310 1946 vendicant,
1331 1877 1369 1934 et

418 1968 495 2052 ejus
512 1969 607 2032 urbis
624 1969 806 2033 introitum
822 1969 1013 2052 peregrinis
1031 1969 1160 2032 nostris
1175 1969 1370 2048 venditant,

418 2088 497 2151 quaa
520 2069 604 2134 solis
630 2068 839 2133 Christianis
861 2075 981 2152 patere
1003 2068 1144 2134 deberet
1168 2069 1200 2133 si
1225 2069 1367 2152 aliquod

419 2169 532 2234 solitae
547 2171 687 2235 virtutis
703 2170 891 2252 vestigium
913 2170 964 2234 eis
984 2169 1136 2234 inesset:
1160 2168 1238 2246 hoe,
1255 2170 1287 2233 si
1309 2188 1368 2234 so-

418 2270 491 2335 lum
505 2278 609 2348 esset,
621 2269 757 2334 vfrontes
775 2277 913 2334 nostras
928 2289 1073 2334 onerare
1085 2267 1257 2334 sufficeret
1269 2290 1279 2349 3
1291 2268 1368 2352 jam

419 2390 501 2434 vero
515 2371 593 2453 quis
607 2371 696 2435 ferat
713 2371 781 2435 nisi
793 2370 940 2436 multum
955 2371 1061 2448 iners,
1074 2370 1142 2434 nisi
1158 2369 1368 2434 Christianae

418 2469 539 2553 gloriae
561 2472 712 2548 invidus,
729 2469 821 2553 quod
838 2490 908 2536 non
929 2490 976 2535 ex
991 2489 1093 2554 aequo
1108 2469 1289 2535 divisimus
1312 2490 1370 2535 or·

418 2574 522 2637 beml
562 2571 621 2637 Illi
634 2572 769 2650 Asiam,
785 2572 923 2636 tertiam
942 2572 1061 2637 muudi
1078 2579 1226 2655 partem
1241 2579 1282 2638 ut
1296 2571 1370 2636 hae·

419 2673 619 2737 reditarium
643 2674 762 2737 nidum
783 2672 999 2752 inhabitant3
1030 2691 1110 2755 quae
1132 2690 1155 2736 a
1177 2672 1371 2757 maj0ribus

420 2775 547 2838 nostris
571 2793 673 2857 aequa
695 2774 830 2837 duabus
853 2773 999 2837 residuis
1018 2773 1188 2856 partibus,
1213 2780 1250 2837 et
1274 2780 1369 2837 trac·
1422 2837 1429 2849 ,

419 2881 517 2937 tuum
540 2874 755 2957 longitudine
779 2880 815 2938 et
836 2874 1092 2956 provinciarum
1118 2872 1368 2955 magnitudine,

420 2994 490 3038 uon
502 2975 675 3039 immerito
697 2973 872 3039 aestr‘mata
885 2981 951 3039 est.
1002 2973 1058 3037 Ibi
1073 2974 1158 3037 olim
1173 2973 1370 3039 devotionis

420 3082 547 3138 nostrae
575 3076 662 3140 rami
695 3074 932 3156 pullularunt3
971 3074 1020 3138 ibi
1053 3074 1203 3156 apostoli
1235 3093 1367 3152 omnes,

418 3181 546 3257 praeter
558 3175 657 3253 duos,
671 3182 801 3239 mortes
816 3192 899 3238 suas
915 3182 1182 3253 consecrarunt3
1205 3174 1254 3238 ibi
1265 3174 1368 3239 modo

420 3273 650 3353 Christicolae,
665 3275 694 3339 si
711 3276 771 3358 qui
788 3280 987 3358 supersunt,
1004 3274 1217 3358 pauperculo
1231 3274 1368 3357 agrico-

419 3373 493 3438 latu
510 3376 742 3458 transigentes
763 3375 925 3452 iuediam,
951 3374 1108 3440 nefandis
1129 3374 1199 3439 illis
1215 3375 1368 3457 vectigal

419 3476 607 3558 pensitant,
631 3477 688 3541 vel
717 3476 833 3540 tacitis
860 3476 1020 3558 suspiriis
1044 3483 1173 3540 nostrae
1195 3475 1368 3540 libertatis

411 3576 653 3655 desiderantes
673 3575 932 3653 conscientiam,
950 3577 1033 3659 quia
1051 3576 1231 3659 perdidere
1253 3574 1366 3641 suam.

420 3676 479 3741 Illi
496 3675 671 3754 Affrioam,
685 3678 831 3741 alteram
844 3677 938 3740 orbis
957 3685 1103 3759 partem,
1120 3676 1278 3741 ducentis
1289 3676 1366 3760 jam

419 3779 520 3842 aunis
552 3784 587 3842 et
618 3798 659 3842 eo
685 3776 834 3859 emplius
860 3778 966 3841 armis
996 3795 1193 3861 possessam
1225 3784 1368 3857 teuent;

418 3879 511 3961 quod
528 3878 606 3942 ideo
626 3878 816 3941 Christiani
832 3876 974 3942 honoris
1000 3878 1192 3961 periculum
1214 3898 1368 3961 pronun·

418 3979 484 4055 cio,
498 3979 581 4063 quia
595 3978 698 4042 fuerit
715 3986 809 4042 terra
823 3977 885 4042 illa
898 3977 981 4042 olim
1001 3978 1247 4061 praeclarorum
1269 3977 1367 4061 inge-

418 4080 552 4143 niorum
567 4079 686 4156 altrix,
703 4097 783 4161 quae
799 4078 925 4142 divinis
939 4079 1079 4162 scriptis
1096 4097 1231 4142 omnem
1248 4086 1367 4143 vetus·

549 4321 556 4353 ¹
572 4316 699 4391 Georgii]
717 4322 750 4373 A.
764 4323 794 4374 S.
807 4324 836 4373 G.
849 4324 884 4375 D.
898 4324 921 4372 Ε
927 4327 952 4372 2.
965 4323 1014 4383 L.;
1032 4321 1160 4385 Gregorii,
1171 4322 1196 4369 Ε
1204 4325 1226 4371 1.
