3100 5050
404 483 470 549 680
614 499 732 548 unsar
756 497 884 548 oaouu
908 496 1122 545 nuoaonuu.
1219 479 1307 561 [arn.
1324 491 1357 536 v.

407 655 455 721 ris
470 656 667 733 translatio,
681 656 788 739 quod,
804 675 823 720 e
837 656 1015 720 mausoleo
1037 654 1204 730 levatum,
1222 651 1357 716 cunctis

408 756 605 821 volentibus
632 757 714 821 feeit
744 756 981 839 conspicuum.
1048 754 1231 819 Tractavit
1270 750 1357 815 illud

409 876 495 921 ausu
520 856 614 923 felici
641 856 815 921 Radulfus
846 862 930 920 tunc
956 857 1064 920 abbas
1093 854 1202 936 Sagii,
1233 859 1357 935 postea

409 957 610 1022 cantuariae
627 957 925 1041 archiepiscopus;
942 964 978 1021 et
992 955 1171 1038 propalam
1185 953 1356 1017 illibatum

409 1056 566 1140 protulit,
595 1055 689 1140 quod
719 1055 926 1139 quibusdam
959 1055 1111 1121 venisset
1145 1054 1183 1117 in
1215 1053 1356 1118 dubium

409 1165 528 1222 utrum
544 1157 626 1224 olim
640 1156 822 1239 vulgatum
844 1155 957 1221 adhuc
982 1155 1025 1220 do
1044 1153 1246 1236 integritate
1263 1173 1356 1218 coru-

412 1258 548 1340 paginis
563 1251 947 1322 duraret¹miraculum.
971 1255 1170 1338 Eodemque
1182 1254 1253 1319 sere
1270 1260 1356 1317 tem-

412 1378 497 1441 pore
518 1358 556 1422 in
578 1357 738 1422 Heliensi
758 1357 929 1433 coenobio,
951 1357 1016 1420 sub
1042 1356 1168 1420 abbate
1191 1353 1355 1430 Ricardo,

380 1505 385 1514 .
412 1457 600 1539 virginales
632 1459 770 1523 exuviae
801 1458 914 1522 beatae
947 1455 1175 1520 Ethaldrithae
1211 1455 1356 1536 integrae

412 1559 518 1623 visae:
542 1557 739 1623 videntibus
761 1557 896 1641 stupori
914 1563 950 1621 et
972 1555 1111 1639 plausui
1126 1555 1232 1619 fuere.
1278 1553 1357 1618 Mo·

411 1659 601 1723 nasterium
627 1657 725 1736 illud,
753 1677 911 1740 nupera
934 1676 1017 1739 rege
1043 1655 1197 1720 Henrico
1223 1656 1260 1718 iu
1284 1655 1354 1737 epi·

410 1765 592 1842 scopatum
621 1765 806 1835 mutatum,
832 1758 981 1841 primum
1014 1755 1193 1821 Herveum
1223 1755 1356 1838 accepit

410 1859 629 1942 episcopnm3
644 1859 716 1943 qui,
730 1877 794 1942 pro
810 1857 957 1941 penuria
971 1857 1186 1933 victualium,
1203 1855 1355 1920 Bancor·

410 1978 563 2038 oensem,
590 1960 650 2024 ubi
671 1958 901 2023 intronizatus
929 1956 1055 2035 fuerat,
1079 1957 1280 2021 deseruerat
1305 1955 1355 2020 lo·

411 2078 510 2124 cum:
528 2067 565 2124 et
577 2079 621 2123 ue
636 2058 863 2124 lincoliensis
874 2056 1032 2142 pontifex
1046 2057 1241 2121 mutilatam
1257 2075 1355 2120 suam

410 2167 612 2241 quereretur
623 2159 813 2237 dioecesim,
835 2179 881 2223 ex
895 2159 998 2222 rebus
1013 2156 1192 2222 Heliensis
1208 2157 1355 2220 coenobii

410 2258 575 2324 damnum
588 2278 652 2324 rex
665 2260 820 2337 sarcivit,
831 2259 1006 2342 querelam
1017 2251 1241 2341 ²composuit.
1264 2256 1356 2321 Sane

411 2360 494 2442 quid
516 2361 592 2445 ejus
606 2368 760 2443 tempore
783 2360 826 2424 de
847 2359 1000 2442 primatu
1019 2358 1164 2423 duornm'
1184 2364 1356 2439 metropo-

408 2460 611 2540 litanorum,
630 2459 893 2526 Cantuarieusis
918 2467 953 2524 et
970 2458 1212 2536 Eboracensis,
1237 2456 1357 2521 situel

406 2561 554 2644 justitiae
580 2569 789 2645 surreptum,
816 2561 872 2625 vel
903 2559 1068 2624 violentia
1095 2566 1355 2643 praesumptum,

411 2660 524 2725 dicam
548 2681 626 2726 cum
651 2660 695 2726 ad
714 2661 868 2726 ordinem
884 2680 1023 2725 venero.
1074 2659 1156 2724 Jaru
1174 2658 1357 2723 enimter-

410 2762 543 2825 minata
557 2762 645 2826 serie
661 2782 794 2845 regum,
805 2761 849 2825 de
864 2761 1082 2825 successione
1096 2760 1204 2825 totius
1216 2758 1357 2841 Angliae

411 2862 612 2943 pontificum
646 2862 730 2926 mihi
756 2863 857 2927 video
881 2880 958 2925 esse
987 2860 1168 2925 dicendum
1181 2880 1203 2939 ;,
1226 2861 1263 2923 in
1288 2878 1356 2944 quo

411 2962 542 3026 utinam
569 2962 724 3027 afflueret
749 2964 835 3027 uber
859 2960 994 3025 dicendi
1017 2961 1128 3043 copia,
1146 2980 1189 3024 nc
1212 2960 1357 3024 ulterius

411 3064 476 3125 sub
501 3063 675 3128 oblivione
695 3063 838 3147 jaceant
865 3069 938 3125 tam
961 3061 1130 3145 praeclara
1155 3060 1279 3144 patriae
1307 3060 1358 3123 lu·

411 3163 515 3227 mina.
568 3163 615 3227 Et
639 3163 777 3246 quidem
804 3169 906 3227 eruut
926 3162 1026 3227 multi
1050 3155 1222 3237 fortassis,
1244 3162 1282 3223 in
1308 3160 1359 3223 di-

410 3264 521 3327 versis
542 3264 743 3345 regionibus
760 3261 910 3345 Angliae,
928 3263 988 3344 qui
1010 3263 1168 3344 quadam
1191 3261 1356 3325 aliterue

410 3381 476 3445 ego
490 3356 581 3426 ³dixi
598 3383 636 3427 se
658 3362 777 3427 dicant
792 3362 930 3427 audisse
947 3362 1003 3426 vel
1024 3362 1169 3445 legisse:
1194 3370 1359 3427 verunta-

444 3603 643 3670 ¹Miroculom.]
670 3607 718 3656 See
740 3610 824 3669 antea,
845 3621 871 3666 p.
913 3604 988 3654 lilius
1015 3618 1106 3654 nomen
1132 3603 1182 3653 tria
1208 3608 1361 3665 componunt

409 3674 566 3737 859‚note⁵.
945 3675 1078 3737 elementa,

443 3740 628 3813 ²Compoauit.]
644 3745 714 3795 Here
724 3746 869 3796 terminatos
911 3746 943 3794 ln
954 3745 1065 3794 numeris
1075 3758 1182 3805 quorum
1192 3744 1303 3806 primum
1320 3758 1360 3793 sa·

408 3816 450 3865 the
463 3816 651 3866 nisa-The
659 3816 790 3877 tossowing
796 3817 870 3877 lines,
944 3816 977 3864 tis
987 3815 1084 3864 indicat
1093 3828 1183 3872 unum,

399 3885 492 3935 ¹ulrich
508 3900 605 3947 appear
619 3891 646 3935 at
656 3886 699 3935 the
717 3886 872 3948 conclusion,
912 3885 1015 3935 Ponunt
1041 3888 1067 3933 et
1092 3884 1163 3945 leges
1186 3884 1285 3932 numeri
1312 3899 1357 3947 pro

408 3957 519 4005 indicate
547 3955 590 4005 the
611 3956 719 4007 writers
745 3970 818 4006 name
846 3962 871 4007 to
946 3956 1058 4017 quinque
1069 3953 1217 4014 secundum,

409 4096 560 4157 ‘Scripserit
585 4096 653 4145 hune
683 4096 774 4179 librum
803 4096 872 4158 quis,
947 4097 1000 4159 lige
1010 4094 1103 4146 finem!

405 4283 408 4289 .
425 4166 779 4287 axlllffalslerlsllqltffsslim
794 4236 872 4299 legat,
930 4232 1039 4298 was]
1051 4233 1084 4284 A.
1094 4234 1123 4285 s.
1135 4235 1164 4284 c.
1179 4235 1212 4284 o.
1225 4234 1358 4293 uana,

1528 3636 1529 3681 l

1528 3720 1529 3753 l

408 4026 640 4077 havebeen‘Iro.'
912 4026 940 4075 Si
947 4024 1056 4077 Graecus
1066 4018 1161 4074 scribat
1171 4028 1298 4086 postremo
1308 4023 1359 4073 col·

459 4306 510 4354 cuo
520 4306 610 4356 discet.
895 4305 999 4355 omitted
1009 4307 1103 4355 inni.

1528 4576 1529 4625 l
