3100 5050
157 510 309 595 maru]
389 530 502 579 casm
526 529 652 578 aucun
677 529 893 579 anouonuu.
1044 514 1110 579 607

158 688 243 751 tutis
257 686 451 751 habebatur
465 684 666 751 adolescens
682 688 822 771 quando
836 686 1111 771 paterAngliam
1123 708 1270 749 amans

160 788 277 867 venit3
300 786 511 858 fortitudinis
525 789 692 870 probata,
702 808 901 871 quanquam
915 789 1017 853 exilis
1034 809 1110 853 cor·
1123 761 1209 861 lidii
1237 771 1243 782 ¹

161 888 255 971 poris
272 895 307 952 et
323 888 462 971 pinguis
479 889 678 970 aqualiculi.
732 887 986 953 Interbellicas
1000 890 1111 972 patris

160 988 233 1053 alas
257 988 414 1053 excrevit
431 989 598 1072 primaevo
619 989 803 1073 tyrocinio,
825 989 961 1072 parenti
980 1010 1110 1054 morem

161 1089 196 1153 in
237 1089 396 1153 omnibus
436 1108 571 1171 garena.
627 1089 878 1167 Veruntamen,
906 1084 916 1120 ¹
918 1089 1111 1174 juvenilem

159 1186 302 1253 indutus
324 1188 484 1267 calorem,
503 1189 756 1254 Normanniam
773 1209 795 1253 a
809 1196 908 1272 patre
931 1189 1044 1253 adbuc
1058 1190 1110 1254 vi-

161 1296 276 1367 vente,
292 1289 466 1354 fatuorum
481 1290 652 1353 sodalium
671 1290 850 1366 instinctu,
865 1290 1051 1373 impetrare
1072 1310 1111 1356 se

144 1409 263 1472 ‚posse
280 1390 451 1474 speravit:
469 1390 654 1472 quodcum
672 1390 730 1454 ille
744 1398 919 1472 negasset,
931 1390 1111 1454 terrisonae

161 1491 258 1555 vocis
282 1490 412 1555 roncho
431 1490 595 1574 juvenem
625 1492 782 1572 abigens,
805 1491 916 1554 iratus
943 1491 1112 1555 abscessit

162 1589 351 1668 Robertus,
374 1592 561 1673 multisque
586 1591 773 1655 assultibus
795 1591 945 1673 patriam
969 1589 1112 1654 infesta·

161 1692 212 1755 vit
225 1711 234 1770 3
253 1692 364 1774 primo
378 1691 517 1774 quidem
533 1692 689 1773 genitore
703 1691 890 1756 cachinnos
901 1692 1111 1768 excutiente,

162 1798 197 1855 et
228 1791 375 1855 subinde
404 1792 551 1867 dicente,
579 1790 678 1855 ‘Per
702 1792 988 1855 resurrectionem
1017 1791 1108 1855 Dei!

161 1894 291 1974 probus
313 1893 379 1956 erit
394 1891 586 1956 Robelinus
602 1891 712 1981 Curta
729 1891 865 1956 Ocrea?
916 1890 997 1955 Hoc
1019 1892 1111 1955 enim

162 2000 238 2057 erat
263 1992 339 2076 ejus
362 2011 566 2074 cognomen,
586 1991 679 2074 quod
701 1999 794 2056 esset
815 1992 985 2073 exiguus3
1009 1999 1111 2056 caete·

162 2110 239 2156 rom
253 2092 339 2157 nihil
353 2092 483 2156 babens
499 2090 591 2174 quod
612 2111 844 2169 succenseres
858 2092 941 2175 quia
954 2111 1018 2156 nec
1035 2090 1109 2155 ille·

162 2194 253 2276 pidae
268 2191 400 2270 formae,
414 2211 477 2256 nec
493 2191 634 2255 infaceti
654 2192 794 2274 eloquii,
809 2183 873 2255 nec
888 2192 1029 2255 virtutis
1047 2192 1111 2256 im-

161 2294 307 2370 becillae,
324 2312 386 2357 nec
401 2293 535 2356 enervis
550 2298 627 2355 erat
641 2292 788 2356 consilii.
834 2290 1013 2355 Posterius
1027 2311 1111 2356 vero

164 2414 226 2459 rex
244 2394 332 2458 adeo
349 2393 454 2457 effera
468 2410 654 2457 succensus
669 2399 723 2456 est
736 2394 790 2456 ira
806 2398 846 2455 ut
862 2411 940 2456 eum
958 2399 993 2456 et
1008 2393 1111 2456 bene-

161 2495 312 2560 dictione
327 2494 452 2559 ultima
476 2500 512 2558 et
532 2492 734 2558 haereditate
755 2492 931 2558 fraudaret
947 2490 1110 2575 Anglica,

162 2597 330 2661 comitatu
354 2603 471 2660 tamen
502 2593 728 2658 Normanniae
754 2613 847 2676 aegre
874 2594 956 2658 licet
982 2606 1018 2658 et
1045 2593 1111 2658 im·

162 2698 268 2780 probe
293 2702 440 2760 retento.
493 2693 581 2759 Post
606 2713 730 2760 novem
756 2713 865 2758 annos
888 2693 1110 2776 lerosolymi-

162 2804 255 2862 tanae
277 2797 345 2860 viae
370 2796 546 2860 laboribus
572 2814 645 2860 suae
678 2793 891 2859 fortitudinis
920 2795 1110 2877 periculum

163 2896 263 2976 fecit3
288 2897 375 2960 etin
393 2896 511 2960 multis
527 2896 663 2978 quidem
687 2894 853 2959 mirabilis
875 2895 1049 2977 apparuit,
1071 2902 1112 2959 ut

163 3016 341 3080 nunquam
370 3015 391 3060 a
418 2995 616 3070 Christiano
645 2996 701 3060 vel
724 3015 863 3078 pagano
888 2995 1041 3078 potuerit
1065 3015 1111 3059 ex

163 3099 279 3181 equite
296 3097 401 3178 pedes
417 3089 534 3160 ²effici.
586 3095 676 3162 Tum
692 3115 776 3160 vero
789 3097 941 3160 maxime
961 3094 1111 3161 inbelle

163 3195 393 3273 Antiocheno,
421 3196 520 3280 cujus
541 3197 617 3279 ipse
630 3196 811 3260 victoriam
836 3196 981 3278 pulchra
1003 3214 1110 3277 expe-

163 3298 289 3362 rientia
324 3297 533 3361 nobilitavit.
585 3296 679 3360 Nam
701 3316 780 3359 oum
805 3296 923 3372 Turci,
957 3302 998 3359 ut
1022 3295 1113 3358 dixi.

164 3417 252 3476 muS,
268 3397 385 3461 subito
405 3396 580 3460 terrefacti
602 3396 749 3478 fugasse
766 3389 971 3470 ³dedissent,
986 3395 1111 3458 nostri·

164 3519 231 3581 que
244 3496 404 3581 palantes
412 3497 648 3562 vehementius
659 3497 875 3578 impeterent,
888 3495 1112 3576 corbaguath

165 3597 248 3676 dux,
266 3597 425 3680 genuinae
441 3597 582 3662 virtutis
604 3616 746 3673 memor,
761 3602 896 3660 retento
918 3584 1007 3677 equo
1029 3614 1111 3658 suos

163 3691 358 3775 ‘inclamat
380 3696 529 3762 famulos
551 3697 699 3778 ignavos
721 3703 757 3760 et
779 3715 987 3760 annosarum
1002 3695 1112 3759 victo-

164 3799 291 3863 riarum
314 3799 440 3863 oblitos
457 3816 599 3874 vocanS,
621 3805 660 3861 ut
677 3797 826 3860 victores
848 3795 1022 3879 quondam
1044 3795 1112 3858 ori-

198 3998 477 4083 ἾΨΜῘΜΨ
500 3998 623 4062 mmm]
685 4019 860 4086 ⁸Destituant]
877 4023 906 4072 S.
927 4022 962 4073 D.
979 4021 1028 4081 E.;
1046 4035 1113 4070 com·
1146 3992 1157 4008 Ι

165 4073 194 4120 C.
212 4072 262 4131 E.;
281 4071 421 4134 Juvemlem
443 4069 563 4117 mductus
583 4083 625 4118 ca·

163 4141 247 4203 lorem,
265 4140 317 4201 D.;
329 4142 444 4202 juventae
461 4139 567 4188 viridem
585 4140 624 4187 in-

165 4212 240 4261 dutus
251 4212 369 4272 calorem,
379 4209 413 4261 A.
426 4210 454 4259 S.
468 4211 499 4260 L.
686 4231 696 4264 ⁴
710 4233 849 4296 [mm]
869 4233 898 4282 c,
915 4232 950 4281 D,
970 4233 1019 4294 Ed
1036 4232 1115 4281 incla.

167 4278 311 4401 ἔφη
335 4280 369 4331 Α.
393 4281 425 4330 D.
444 4281 477 4331 Ε.
495 4279 540 4341 Lo
563 4279 626 4341 fieri,
651 4303 783 4367 meviae.
796 4304 867 4353 aa.

650 4095 787 4156 misissent,
797 4094 829 4143 L.
