3100 5050
262 716 359 756 nullutn

271 2111 370 2152 ulmeus·

271 2163 355 2212 ngntnrt
363 2163 403 2203 Δι-

269 2214 337 2253 enlm.

421 523 490 588 584
639 540 751 590 onsra
778 539 904 589 nreuu
930 541 1143 591 suenonuu.
1223 527 1311 609 [mn.
1329 541 1372 588 vv.

426 693 732 784 ¹praetereuntibus
741 700 855 782 misit,
869 718 933 782 pro
945 700 1075 764 virtute
1090 691 1184 762 ²tam
1198 699 1302 781 pauci
1317 717 1375 763 ex-

427 801 556 865 ercitus
581 799 810 883 stupefactus.
863 798 962 864 Idem
985 807 1023 863 et
1041 798 1152 883 Tyrii,
1174 805 1209 862 et
1231 799 1377 874 Sidonii,

427 909 465 966 et
481 899 706 964 Acharonitae
721 901 781 982 qni
805 907 840 964 et
856 899 1114 976 Ptholomaitae,
1128 899 1252 976 fecere,
1268 898 1377 962 tacito

426 1007 523 1066 metu
534 1001 746 1064 Francorum
761 999 996 1064 fortitudinem
1009 999 1248 1082 suspicientes,
1302 997 1379 1063 Nec

426 1102 542 1166 minus
565 1100 721 1165 homines
743 1099 927 1179 Tancredi,
944 1101 1004 1183 qui
1029 1101 1067 1163 in
1084 1099 1243 1182 Chaipha
1265 1106 1378 1176 erant,

427 1201 587 1266 liberales
601 1201 709 1278 fuere,
724 1202 884 1283 quamvis
898 1202 973 1284 ipse
986 1201 1112 1264 absens
1134 1207 1237 1264 esset.
1291 1199 1378 1264 Cas-

428 1302 474 1366 tri
498 1302 592 1366 illius
615 1321 740 1366 nomen
760 1303 940 1384 antiquum
960 1302 1110 1383 reperire
1133 1320 1279 1382 nequeo,
1296 1300 1380 1382 quia

430 1421 549 1467 omnes
571 1401 831 1466 mediterraneae
859 1401 1031 1480 civitatee,
1047 1395 1143 1484 ³qnae
1163 1401 1200 1465 in
1221 1399 1246 1464 J
1249 1401 1379 1484 osepho

430 1502 594 1584 leguntur
623 1502 797 1584 quondam
826 1502 944 1578 fuisse,
972 1501 1075 1565 modo
1100 1502 1158 1566 vel
1188 1521 1257 1565 non
1284 1509 1379 1578 sunt,

430 1602 499 1679 vel,
512 1603 549 1666 in
562 1601 695 1666 viculos
709 1608 866 1679 mutatae,
882 1601 1022 1666 nomina
1039 1602 1279 1684 perdiderunt:
1304 1621 1378 1664 ma-

430 1703 556 1766 ritimae
572 1702 719 1783 integrae
734 1710 888 1766 manent.
940 1701 999 1766 Ita
1020 1721 1083 1785 per
1100 1701 1296 1766 Caesaream
1312 1700 1380 1765 Pa·

430 1801 565 1865 lestinae
582 1809 617 1866 et
633 1800 782 1866 Azotum
797 1803 833 1865 in
849 1801 873 1865 J
876 1822 1000 1885 oppem
1013 1809 1168 1880 ventum,
1185 1803 1245 1865 nbi
1267 1803 1379 1884 prima

430 1903 482 1966 illi
505 1903 694 1984 gratulatio
714 1903 813 1984 regni
838 1902 916 1979 fuit,
938 1903 1070 1967 civibus
1095 1902 1228 1986 ingenti
1250 1902 1378 1985 gaudio

431 2010 550 2085 portas
566 2003 812 2084 aperientibus.

483 2102 587 2186 §372
603 2103 717 2183 Igitur
732 2101 918 2185 aJoppitis
936 2102 1185 2186 lerosolymam
1201 2104 1381 2180 deductus

431 2210 467 2267 et
491 2203 539 2266 ibi
560 2196 798 2267 favorabiliter
817 2209 997 2286 exceptus
1014 2203 1146 2268 dierum
1160 2196 1243 2268 4serr
1265 2206 1381 2287 spatio

432 2303 541 2386 quieti
565 2302 745 2366 satisfecit.
799 2302 899 2380 Inde,
927 2323 971 2366 ne
986 2302 1093 2367 Turci
1113 2304 1313 2368 dubitarent
1327 2305 1380 2368 in·

431 2402 545 2467 dolem
561 2403 659 2484 regni
674 2403 751 2486 ejus
768 2404 895 2484 magno
916 2421 1035 2466 eornm
1056 2405 1148 2467 malo
1171 2403 1382 2482 adolescere,

432 2521 554 2567 versus
580 2500 789 2567 Ascalonem
822 2503 1077 2587 expeditionem
1102 2505 1222 2569 movit.
1275 2504 1381 2570 Cum·

434 2622 502 2685 que
533 2622 602 2665 non
630 2602 734 2686 longe
764 2605 809 2667 ab
834 2606 919 2667 urbe
943 2604 1034 2669 vires
1063 2623 1144 2667 suas
1175 2612 1381 2683 ostentaret,

432 2703 640 2785 impetentes
656 2702 878 2768 Ascalonitas
896 2704 989 2767 sacili
1016 2724 1121 2785 opera
1140 2704 1295 2787 depulit3
1320 2728 1381 2789 op-

433 2810 618 2885 portunum
644 2810 782 2887 tempus
800 2806 843 2867 ad
867 2804 901 2867 id
925 2803 1016 2886 quod
1042 2813 1156 2868 mente
1179 2804 1383 2871 intendebat

432 2903 603 2985 operiens.
657 2903 818 2986 Denique
843 2904 1074 2986 repulsionem
1099 2904 1236 2968 illorum
1259 2907 1382 2987 gloriae

432 3021 507 3066 suae
522 3009 605 3067 tunc
621 3002 777 3067 sufficere
800 3005 1000 3080 arbitratae,
1016 3005 1052 3066 in
1074 3012 1241 3068 montana
1262 3026 1382 3089 recep-

431 3103 484 3166 tui
505 3103 642 3180 cecinit,
660 3109 700 3166 ut
721 3102 839 3167 hostes
861 3111 1142 3186 persequeretur3
1165 3124 1230 3169 neo
1252 3126 1324 3169 non
1347 3115 1382 3171 et
1437 3099 1439 3104 ’

431 3201 647 3265 inimicorum
662 3202 789 3266 damno
809 3204 1005 3267 necessaria
1019 3203 1091 3267 suis
1108 3205 1381 3287 conquisiturus,

429 3301 493 3383 qni
517 3319 583 3383 pro
607 3302 754 3383 penuria
779 3308 882 3367 terrae
904 3303 994 3367 fame
1020 3304 1283 3385 singultiebant,
1298 3308 1382 3389 quia

312 3402 316 3407 ’
432 3400 494 3464 illo
521 3419 612 3464 anno
635 3402 756 3465 messis
783 3420 878 3483 aegra
901 3404 1031 3466 victum
1053 3412 1255 3484 negaverat,
1282 3424 1381 3489 spem

432 3500 620 3582 provinciae
662 3501 772 3564 sterili
802 3509 974 3583 proventu
1006 3501 1189 3586 decipiens.
1253 3504 1381 3587 Itaque

431 3607 599 3663 montana
618 3601 913 3684 conscenditque
938 3601 1149 3666 habitatores
1169 3612 1271 3668 terrae
1289 3606 1381 3669 Tur-

432 3699 464 3761 ci
497 3700 626 3763 relictis
652 3700 745 3763 villis
778 3708 1033 3791 concesserant,
1059 3701 1165 3786 Syros
1198 3724 1315 3768 secum
1343 3708 1380 3770 in

431 3799 571 3881 penitus
594 3799 730 3863 abditos
757 3820 881 3882 specus
907 3802 1170 3882 immergentes:
1194 3804 1255 3867 sed
1282 3806 1381 3870 inve·

466 4059 714 4130 ¹Proetereuutibus.]
726 4066 893 4131 A.D.E.L.;
953 4065 964 4098 ³
978 4070 1039 4125 Quae
1087 4070 1203 4132 leguntur
1212 4077 1382 4135 qwndomsu-

430 4134 614 4196 praeeuntibus,
625 4135 654 4185 S.
668 4137 698 4185 C.
917 4137 987 4255 lissa]
1005 4138 1038 4187 A.
1053 4140 1083 4189 C.
1096 4140 1130 4257 lg.
1143 4142 1176 4191 Ε.
1176 4142 1235 4259 ἐξ,
1257 4159 1322 4263 opas
1335 4183 1342 4196 .
1356 4182 1381 4195 ..

466 4268 548 4320 ²ram
555 4273 649 4337 pata]
667 4274 702 4323 n.
714 4276 747 4324 a.
759 4276 790 4325 n.
801 4294 807 4337 ;
820 4279 892 4339 ane,
927 4222 1189 4342 epppppupngma
1205 4226 1380 4352 Ῑῖεἶέἑριεω,

428 4340 461 4391 S,
475 4342 523 4402 C.;
539 4348 589 4389 tam
601 4344 682 4404 parvi,
693 4342 727 4392 A.
918 4345 947 4395 S.
963 4344 995 4397 D.
