3100 5050
167 529 240 579 nra.
256 514 323 596 rv.]
397 531 510 581 casm
534 531 661 582 arcun
686 533 902 584 rucnoauu.
1053 518 1120 584 515

166 707 276 771 quam
291 686 358 753 nisi
371 689 526 753 infirmis.
580 687 636 753 Ab
650 690 764 754 idibus
778 678 990 774 Septembris
1010 709 1120 774 usque
1132 713 1206 762 osan
1215 714 1282 754 orno

166 789 215 853 ad
243 789 382 854 Pascha
404 789 533 853 nullius
564 788 765 855 festivitatis
797 790 967 868 contuitu,
993 764 1248 874 praeterilllm

168 889 245 954 dies
255 890 470 968 DominicoS‚
481 889 550 952 nisi
560 891 665 954 semel
674 889 711 954 in
723 891 779 955 die
783 891 955 976 jejunium
966 892 1119 959 solvunt.

169 988 363 1073 Nunquam
380 991 569 1054 claustrum
587 990 653 1055 nisi
675 1009 784 1055 causa
804 991 971 1075 operandi
985 993 1120 1074 egredi·

167 1095 298 1170 untur3
316 1108 379 1156 nec
393 1089 454 1168 ibi,
468 1109 531 1154 nec
546 1108 706 1173 usquam,
721 1092 789 1155 nisi
806 1092 923 1156 abbati
937 1098 999 1156 aut
1012 1094 1120 1175 priori

166 1189 320 1255 invicem
348 1190 598 1274 colloquentes,
656 1189 775 1255 Horas
811 1193 995 1267 canonicas
1022 1193 1120 1257 inde·

166 1289 261 1354 fosse
285 1291 502 1368 continuant,
530 1291 627 1355 nulla
656 1285 875 1376 lappenditia
903 1293 1120 1357 extrinsecus

167 1389 385 1474 adjicientes,
403 1397 531 1475 practer
542 1389 699 1472 vigiliam
714 1409 779 1474 pro
791 1392 974 1457 destructis.
1026 1390 1119 1456 Can·

168 1497 229 1555 tus
246 1499 281 1556 et
294 1491 441 1576 hymnos
455 1489 718 1570 Ambrosianus,
734 1499 902 1574 quantum
923 1512 969 1556 ex
986 1490 1120 1556 Medio-

166 1588 251 1655 lano
276 1592 453 1656 addiscere
477 1597 677 1673 potuerunt,
696 1591 920 1675 frequentant
937 1592 975 1656 in
993 1592 1119 1656 divinis

164 1689 302 1757 officiis.
334 1691 527 1774 Hospitum
540 1697 576 1755 et
588 1691 799 1756 infirmorum
812 1711 932 1756 curam
939 1691 1119 1770 habentes,

165 1791 406 1875 importabiles
435 1791 635 1874 corporibus
660 1793 733 1856 suis
762 1812 826 1876 pro
853 1793 1045 1857 animarum
1067 1812 1121 1857 re·

166 1892 283 1957 medio
296 1887 602 1957 comminiscuntur
614 1909 745 1956 cruces.

220 1991 331 2077 §332
356 1991 446 2056 Haec
463 1992 570 2055 abbas
590 1991 650 2056 ille
664 1993 775 2077 primo
788 1991 921 2074 ingenti
935 1993 1065 2075 impetu
1084 2000 1119 2057 et

163 2090 243 2174 ipse
259 2091 410 2158 iaciebat
425 2097 461 2155 et
476 2092 564 2157 alios
580 2085 849 2176 ²compellebat3
872 2091 933 2156 sed
954 2093 1119 2175 temporis

163 2185 358 2256 intercessu
390 2192 555 2275 poenituit
583 2191 687 2256 homo
714 2191 862 2256 delicate
890 2192 1053 2283 nutritus,
1083 2200 1120 2256 et

163 2291 390 2374 aegrotemus
405 2299 478 2356 tam
493 2291 662 2357 diutinam
682 2293 836 2356 ciborum
859 2292 1118 2374 parcimoniam.

165 2387 279 2478 Cujus
296 2393 514 2458 voluntatem
537 2392 697 2456 monachi
720 2392 814 2474 apud
836 2391 1043 2455 Molesmum
1064 2412 1118 2455 re-

162 2492 258 2557 sidui
284 2499 545 2577 cognoscentes,
569 2491 685 2558 verbis
718 2491 925 2575 quibusdam
950 2492 1119 2556 incertum

164 2613 213 2657 an
236 2601 274 2659 et
294 2594 464 2678 epistolis,
479 2613 542 2677 per
565 2588 797 2658 obedientiam
818 2610 919 2675 papae
942 2599 1021 2657 astu
1034 2612 1120 2675 quo·

160 2693 245 2758 dam
276 2696 323 2759 ad
351 2693 599 2759 monasterium
624 2687 836 2768 ³retrahunt,
864 2691 1037 2757 volentem
1060 2712 1119 2756 co-

163 2801 304 2876 gentes.
368 2792 480 2873 Quasi
517 2794 607 2857 enim
645 2792 860 2874 diffatigatus
898 2790 1120 2875 improbitate

163 2895 376 2977 supplicum,
400 2899 569 2975 angustos
593 2893 743 2975 parietes
760 2892 901 2975 reliquit
917 2910 1119 2975 pauperum,

165 2995 406 3076 augustiorem
426 2999 587 3075 repetens
609 2993 784 3056 thronum.
833 2992 956 3056 Secuti
973 3010 1051 3055 eum
1074 3010 1120 3054 ex

164 3093 325 3159 Cistellis
341 3112 460 3159 omnes
473 3093 534 3175 qui
547 3110 625 3155 cum
641 3111 683 3156 eo
699 3098 878 3169 venerant,
888 3099 1016 3173 praeter
1027 3097 1120 3154 octo.

166 3194 228 3258 llli
244 3194 350 3277 pauci
366 3212 522 3271 numero,
537 3192 598 3257 sed
612 3191 712 3255 multi
728 3192 865 3269 merito,
877 3192 1038 3255 abbatem
1055 3188 1119 3253 Al·

163 3294 320 3359 hericum
347 3292 521 3376 quendam
543 3310 589 3356 ex
615 3292 700 3368 suis,
726 3292 875 3373 priorem
906 3290 1119 3374 Stephanum

163 3394 398 3459 constituunt.
452 3391 530 3456 Nec
546 3391 605 3455 ille
625 3393 663 3455 in
679 3391 755 3459 ¹vita
780 3397 935 3454 moratus
958 3391 1037 3472 plus
1059 3407 1118 3453 oc·

165 3494 299 3571 tennio,
322 3510 486 3576 supremo
508 3492 653 3555 feliciter
674 3497 868 3555 conventus
890 3497 944 3554 est
965 3489 1118 3553 arbitrio.

164 3595 271 3672 Tum,
294 3592 389 3657 haud
406 3591 512 3657 dubie
528 3599 616 3655 nutu
629 3590 761 3667 divino,
775 3589 972 3672 Stephanus
993 3590 1119 3652 absens

163 3694 274 3761 etiam
295 3694 334 3757 in
358 3693 520 3758 abbatem
542 3690 694 3773 eligitur,
710 3689 784 3753 dux
798 3690 880 3754 olim
902 3689 986 3753 facti
998 3688 1119 3765 totius,

161 3794 319 3879 speciale
331 3801 369 3858 et
379 3792 517 3874 insigne
530 3798 728 3854 nostrorum
739 3790 870 3853 dierum
880 3789 1003 3867 decus3
1019 3787 1119 3870 cujus

163 3896 290 3979 quanti
313 3894 360 3958 sit
381 3892 543 3957 meritum
568 3897 743 3955 testantur
770 3882 919 3953 abbatia
945 3887 1119 3951 sexdecim

181 4130 208 4167 '¹
221 4130 398 4205 Appenditio]
416 4135 450 4185 A.
470 4137 503 4186 E.
523 4136 571 4195 h.;
588 4149 633 4197 ap·

162 4210 313 4273 pendentia,
324 4208 354 4257 S.
369 4208 399 4257 G.
412 4206 447 4256 D.
695 4198 878 4261 wamma]
896 4199 930 4248 D.
944 4200 992 4260 Ε.;
1009 4213 1066 4247 eum
1081 4213 1119 4247 re·

199 4271 412 4345 ²Corrrpellebot]
432 4276 461 4325 S.
480 4274 515 4325 D.
530 4275 576 4334 E.;
593 4273 632 4323 fa·
658 4270 770 4332 trahunt,
782 4268 815 4319 Α.
829 4269 857 4318 S.
869 4269 900 4318 L.

162 4366 220 4401 cere
231 4348 411 4411 compellebat,
423 4346 454 4396 L.
