3100 5050
428 493 495 558 (128
650 508 764 557 cosm
788 507 913 556 nncuu
938 505 1150 555 aucnonuu.
1240 490 1326 572 [nra.
1346 505 1381 554 u.

429 666 557 730 riarum
581 665 729 730 relatum
748 673 802 730 est
826 672 934 730 tantoe
958 664 1154 729 sanctitatis
1180 671 1249 728 tres
1273 663 1381 728 luisse

429 766 560 848 pariter
580 785 680 848 reges
704 774 741 830 et
759 766 896 844 fratres,
915 772 1078 829 maternae
1101 763 1240 847 pietatis
1260 761 1381 828 nectar

430 864 646 944 redolentes3
685 886 836 949 namque
866 873 993 948 proeter
1017 864 1131 931 victus
1162 864 1380 947 parcitatem,

429 965 726 1048 eleemosynarum
749 966 897 1048 copiam,
910 965 1106 1030 orationum
1127 963 1382 1042 assiduitatem,

429 1065 481 1128 ita
496 1064 722 1130 domesticum
738 1066 878 1147 regibus
894 1065 1016 1130 vitium
1032 1064 1223 1142 evicerunt,
1236 1072 1276 1128 ut
1292 1083 1383 1127 nun-

430 1183 536 1247 quam
560 1164 692 1229 seratur
715 1165 753 1228 in
779 1184 897 1228 eorum
921 1164 1094 1228 thalamos
1115 1165 1183 1228 nisi
1207 1164 1382 1247 legitimas

430 1284 558 1328 uxores
579 1265 661 1342 isse,
683 1285 747 1328 nec
769 1284 887 1329 eorum
906 1283 1104 1347 quenquam
1127 1263 1293 1346 pellicatu
1318 1263 1383 1328 ali·

431 1384 501 1446 quo
533 1364 733 1447 pudicitiam
770 1364 1007 1430 contristasse.
1075 1364 1177 1428 Solus
1211 1363 1279 1428 fuit
1312 1363 1383 1428 Ed-

432 1463 581 1528 mundus
603 1464 808 1547 Margaritae
833 1463 926 1528 filius
949 1483 971 1527 a
994 1465 1084 1528 bono
1108 1463 1278 1547 degener;
1309 1465 1383 1546 qui,

434 1563 633 1628 Duvenaldi
660 1565 778 1647 patrui
808 1564 971 1647 nequitiae
1004 1564 1189 1646 particeps,
1218 1563 1383 1628 fraternae
1455 1583 1458 1588 ·

435 1684 505 1728 non
526 1663 656 1728 inscius
678 1665 772 1728 necis
794 1663 910 1740 fuerit,
924 1670 1048 1746 pactus
1062 1663 1194 1728 scilicet
1208 1662 1308 1746 regni
1330 1664 1383 1728 di-

435 1763 597 1828 midium:
622 1764 683 1828 sed
696 1772 832 1847 captus,
846 1772 882 1828 et
896 1763 1073 1846 perpetuis
1087 1764 1309 1847 compedibus
1324 1763 1384 1828 de·

435 1869 564 1940 tentus,
581 1864 730 1947 ingenue
747 1864 929 1947 poenituit3
947 1869 995 1940 et,
1009 1863 1053 1926 ad
1066 1871 1212 1928 mortem
1228 1865 1384 1943 veniens,

434 1982 513 2027 cum
539 1963 623 2047 ipsis
648 1965 797 2028 vinculis
828 1984 866 2028 se
897 1962 1062 2028 tumulari
1086 1964 1278 2042 mandavit,
1304 1983 1385 2047 pro-

435 2062 547 2127 fessus
563 2084 601 2128 se
617 2064 760 2147 plexum
773 2065 896 2128 merito
911 2084 975 2146 pro
988 2062 1169 2127 fratricidii
1183 2064 1323 2128 delicto.

355 2199 382 2228 n
485 2163 594 2247 §40L
618 2163 814 2229 Wallenses
838 2183 901 2228 rex
916 2162 1104 2240 Henricus,
1119 2183 1254 2246 semper
1268 2165 1307 2228 in
1329 2185 1382 2228 re-

348 2317 354 2329 .
434 2263 616 2328 belliouem
647 2271 843 2346 surgentes,
871 2263 999 2328 crebris
1038 2262 1317 2345 expeditionibus
1346 2265 1383 2328 i'n

275 3482 330 3526 ab.
343 3484 399 3524 1111.

434 2362 642 2428 deditionem
664 2365 864 2446 premebat;
887 2362 1100 2446 consilioque
1119 2363 1250 2427 salubri
1264 2365 1382 2442 nixus,

435 2470 606 2528 uteorum
630 2471 801 2529 tumorem
825 2469 1041 2541 extenuaret,
1061 2462 1295 2529 Flandrenses
1310 2485 1382 2530 om-

435 2582 497 2627 nes
517 2561 657 2646 Angliae
682 2565 820 2630 accolas
845 2585 885 2629 eo
907 2564 1075 2629 traduxit.
1127 2563 1383 2643 Plures'enim,

435 2664 495 2746 qui
510 2671 665 2747 tempore
685 2666 795 2748 patris
817 2684 880 2748 pro
902 2670 1060 2727 materna
1075 2665 1283 2746 cognatione
1302 2686 1384 2730 con-

432 2762 621 2841 duxerant,
638 2766 837 2830 occultabat
854 2761 995 2847 Anglia,
1015 2763 1102 2828 adeo
1124 2771 1165 2829 ut
1185 2764 1254 2847 ipsi
1275 2785 1383 2847 regno

435 2882 498 2945 pro
520 2864 747 2929 multitudine·
759 2866 896 2929 onerosi
911 2863 1129 2943 viderentur3
1152 2857 1383 2947 lquapropter

429 2983 511 3027 cum
538 2965 742 3029 substantiis
767 2973 804 3029 et
833 2963 1142 3028 necessitudinibus
1160 2964 1263 3046 'apud
1295 2964 1382 3043 Ros,

431 3064 648 3147 provinciam
664 3064 884 3142 walliarum,
911 3063 1008 3128 velut
1031 3064 1067 3127 in
1092 3064 1264 3127 sentinam
1285 3070 1382 3128 'con-

435 3163 555 3246 gessit,
571 3171 612 3227 nt
634 3173 670 3229 et
690 3176 836 3247 regnum
858 3164 1054 3240 defaecaret,
1070 3170 1105 3226 et
1127 3162 1277 3228 hostium
1301 3166 1382 3231 bru·

435 3271 508 3326 tam
522 3264 750 3328 temeritatem
765 3264 976 3329 retunderet.
1019 3261 1095 3327 Nec
1111 3269 1160 3327 eo'
1170 3264 1283 3327 secius
1300 3265 1384 3331 illuc

436 3362 690 3444 expeditionem
715 3384 779 3446 pro
804 3372 995 3446 temporum
1020 3363 1278 3450 opportunitate
1304 3364 1387 3429 diri·

436 3463 562 3545 gebat3
586 3462 623 3526 in
642 3483 788 3546 quarum
813 3482 895 3539 una,
919 3463 1088 3527 incertum
1115 3461 1215 3546 cujus
1238 3463 1387 3530 audacia

436 3562 570 3626 eminus
594 3563 783 3641 insidianti,
798 3563 980 3627 'arundine
1001 3563 1191 3645 impetitus,
1215 3564 1323 3645 probe
1350 3573 1386 3630 et

433 3662 884 3745 ·pulchre1evasit,·fideliter
898 3663 1048 3727 hamatae
1064 3662 1216 3726 thoracis
1242 3664 1385 3745 adjutus

437 3762 615 3843 beneficio,
632 3769 667 3826 et
688 3762 791 3826 simul
811 3762 989 3846 perfidiam
1006 3761 1195 3826 frustrante
1211 3762 1279 3826 Dei
1301 3784 1385 3829 con·

436 3862 527 3927 silio.
579 3847 648 3926 Sed
666 3882 730 3926 nec
744 3870 827 3927 tuno
850 3868 972 3927 auctor
987 3850 1048 3926 teli
1062 3860 1219 3939 eminuit,
1235 3882 1298 3926 nee
1321 3884 1385 3928 un.

437 3982 541 4044 quam
555 3968 679 4045 postea
693 3961 898 4045 investigari
913 3962 1035 4039 valuit,
1053 3961 1212 4046 quamvis
1232 3962 1291 4027 ille
1311 3972 1383 4030 sta-

436 4063 499 4127 tim
523 4083 594 4127 non
617 4061 815 4126 haesitasset
829 4062 954 4140 dicere,
971 4062 1137 4158 sagittam
1159 4082 1229 4126 non
1252 4082 1274 4127 a
1298 4071 1382 4148 quo-

528 4310 537 4345 ¹
551 4314 725 4381 Quapropter]
738 4316 768 4365 C.
781 4315 816 4365 D.
825 4315 876 4376 E.;
894 4318 1047 4377 quapropter
1057 4294 1152 4377 omnes,
1162 4311 1196 4362 A.
1210 4312 1239 4363 S.
1252 4314 1283 4363 L.

1522 3 1537 442 1
