3100 5050
417 516 485 582 646
637 533 751 584 cusan
774 533 902 585 aucun
927 534 1142 584 nuononuu.
1228 518 1318 599 [ιη.
1333 529 1369 576 v.

421 691 621 770 nominasti,
635 700 735 758 tanta
748 699 865 768 tecum
874 692 1090 759 imminentia
1099 690 1372 765 confovebimus

424 798 466 856 ut
488 792 549 874 qui
573 796 608 856 te
627 794 684 856 vel
704 792 802 856 illum
825 794 954 858 laeserit
969 793 1165 858 Romanam
1191 789 1373 854 ecclesiam

425 891 585 956 videatur
607 892 750 957 laesisse.
802 894 935 959 Datum
960 893 1156 970 ueteranis,
1186 909 1278 955 nono
1308 887 1373 953 ka-

426 990 548 1055 lendas
561 984 805 1058 ¹Decembris.’

267 1104 417 1199 mi?
473 1090 492 1175 ᾗ
515 1091 590 1156 415.
613 1089 817 1157 ‘Paschalis
838 1091 1015 1158 Anselmo.
1067 1089 1300 1156 suavissimas
1321 1088 1375 1152 di-

427 1190 586 1256 lectionis
598 1199 669 1257 tuae
685 1194 881 1276 accepimus
897 1192 1030 1269 literas,
1043 1191 1223 1255 chunnos
1240 1190 1377 1254 adamo

428 1292 590 1374 scriptas.
642 1293 686 1356 In
720 1292 776 1356 his
808 1293 1037 1358 reverentiam
1072 1289 1269 1355 devotionis
1304 1297 1377 1352 tuae

429 1392 710 1474 complectimur3
733 1400 770 1458 et
784 1392 1035 1475 perpendentes
1059 1390 1140 1455 fidei
1164 1396 1235 1454 tuae
1258 1390 1379 1466 robur,

430 1499 467 1557 et
481 1492 549 1575 piae
565 1491 808 1557 sollicitudinis
825 1492 1042 1570 instantiam,
1055 1490 1267 1567 exultamus,
1282 1489 1379 1572 quia,

431 1592 548 1674 gratia
564 1591 631 1656 Dei
652 1593 717 1656 tibi
734 1597 926 1676 praestante
950 1591 1133 1668 auxilium,
1157 1597 1193 1654 te
1213 1609 1279 1654 nec
1295 1609 1378 1672 pro·

431 1690 539 1754 missa
560 1691 761 1770 sustollunt,
789 1710 853 1758 nec
879 1692 982 1756 minae
1003 1690 1218 1756 concutiunt.
1271 1688 1381 1754 Dole-

431 1808 509 1853 mus
531 1798 648 1856 autem
664 1793 759 1874 quia,
774 1811 852 1856 cum
874 1792 999 1855 fratres
1020 1798 1159 1856 nostros
1183 1789 1380 1873 episcopos,

431 1889 568 1972 legatos
593 1892 686 1972 regis
704 1890 912 1973 Anglorum,
936 1891 1086 1973 benigne
1111 1890 1380 1973 susceperimus,

432 2009 512 2072 quae
528 2010 592 2055 nec
605 1990 757 2055 diximus
778 1992 834 2069 iis,
851 2011 914 2055 nec
935 1991 1178 2073 cogitavimus,
1195 1989 1381 2054 redeuntes

432 2089 476 2154 ad
490 2091 631 2174 propria
641 2091 843 2155 renuerunt.
896 2089 1102 2154 Audivimus
1116 2091 1207 2154 enim
1224 2107 1285 2154 eos
1303 2089 1382 2153 dix-

431 2189 512 2268 isse,
526 2191 620 2273 quia,
637 2191 668 2254 si
684 2210 747 2254 rex
758 2191 795 2255 in
812 2190 890 2254 aliis
905 2191 992 2254 bene
1008 2198 1139 2272 ageret,
1155 2209 1218 2254 uos
1233 2189 1380 2255 investi·

432 2296 531 2354 turas
555 2289 779 2354 ecclesiarum
801 2310 865 2356 nec
886 2291 1080 2375 prohibere,
1096 2310 1160 2354 nec
1181 2289 1293 2354 factas
1317 2308 1381 2354 ex-

432 2390 705 2469 communicare3
729 2398 764 2454 et
790 2389 883 2473 quod
909 2390 988 2454 ideo
1014 2390 1216 2454 nolebamus
1247 2388 1381 2454 chartae

432 2490 658 2567 committere,
673 2510 717 2554 ne
734 2491 800 2555 sub
816 2490 997 2555 occasione
1010 2509 1053 2555 ea
1066 2491 1183 2556 caeteri
1205 2489 1383 2574 principes

433 2589 471 2653 iu
492 2609 556 2654 nos
577 2590 814 2655 inclamarent.
869 2589 970 2655 Unde
984 2589 1007 2655 J
1010 2610 1119 2669 esum,
1134 2592 1194 2675 qui
1216 2590 1324 2655 corda
1346 2597 1383 2655 et

433 2708 534 2753 renes
549 2691 788 2767 scrutatur,in
803 2691 953 2755 animam
966 2698 1121 2755 nostram
1135 2697 1259 2755 testem
1281 2691 1383 2755 invo·
1547 2706 1548 2776 t

432 2805 564 2867 camus,
580 2790 623 2867 si,
639 2809 685 2854 ex
700 2810 770 2873 quo
789 2789 894 2874 hujus
911 2797 1042 2855 sanctae
1060 2791 1151 2855 sedis
1167 2810 1288 2855 curam
1305 2809 1384 2855 sus·

432 2889 587 2970 cepimus
604 2909 735 2970 gerere,
752 2889 818 2955 hoc
834 2891 984 2955 immane
1001 2890 1114 2955 scelus
1130 2890 1187 2955 vel
1199 2889 1383 2955 descendit

431 2988 469 3051 in
485 2989 658 3054 mentem.’
711 2989 758 3053 Et
774 2990 877 3055 infra.
928 2989 987 3054 ‘Si
1004 3009 1088 3072 ergo
1106 2988 1240 3071 virgam
1260 2998 1383 3072 pasto-

412 3087 583 3153 ralitatis
607 3089 758 3171 signum,
785 3090 816 3153 si
850 3090 1015 3153 annulum
1043 3090 1263 3171 signaculum
1288 3090 1383 3168 fidei,

432 3187 542 3253 tradit
566 3188 659 3252 laica
683 3208 820 3266 manus,
844 3189 929 3271 quid
954 3189 991 3253 in
1020 3190 1167 3254 ecclesia
1197 3190 1383 3271 pontifices

432 3290 566 3368 agunt?
612 3287 805 3372 Episcopos
822 3296 940 3353 autem
957 3289 1016 3371 qui
1030 3290 1213 3353 veritatem
1230 3290 1267 3352 in
1285 3309 1384 3354 men·

431 3385 569 3451 dacium
594 3394 864 3466 commutarunt,
888 3390 965 3472 ipsa
985 3388 1145 3465 veritate,
1173 3408 1252 3472 quae
1283 3390 1382 3455 Deus

432 3493 498 3563 est,
511 3487 547 3551 in
564 3488 713 3551 medium
730 3488 940 3565 introducta,
958 3508 980 3553 a
995 3490 1088 3553 beati
1104 3487 1202 3553 Petri
1217 3490 1334 3570 gratia
1346 3498 1384 3556 et

432 3604 455 3649 a
481 3592 601 3653 nostra
629 3588 798 3652 societate
828 3589 1037 3653 secernimus
1067 3588 1176 3653 donec
1209 3588 1382 3655 Romanae

432 3684 587 3751 ecclesiae
600 3685 829 3752 satisfaciant.
863 3686 1070 3772 Quicunque
1084 3709 1169 3754 vero
1181 3688 1276 3753 intra
1291 3710 1383 3772 prae·

431 3783 543 3852 dictas
562 3785 719 3852 inducias
732 3780 977 3853 ²investituras
1002 3788 1302 3854 consecrationum
1326 3810 1384 3855 ac-

464 4104 647 4171 ¹Decmbrta.]
663 4107 764 4158 Seethe
780 4108 891 4160 lastaria
915 4106 958 4156 All
971 4106 1013 4157 the
1023 4106 1099 4157 MSS.
1107 4108 1169 4157 read
1179 4122 1217 4157 uo.
1243 4108 1300 4159 The
1310 4110 1384 4160 letter

427 4178 548 4242 Eedmer,
557 4194 584 4241 p.
596 4182 637 4229 74.
915 4178 1014 4239 printed
1032 4179 1059 4225 in
1075 4178 1196 4239 Eadmer,
1206 4194 1233 4241 p.
1246 4184 1290 4239 ⁷2,
1307 4181 1383 4230 reads

915 4247 1010 4310 rightly
1026 4242 1216 4298 ‘investituram
1234 4250 1276 4299 vel
1294 4265 1381 4301 couse-

462 4313 647 4368 'lncettituroa
664 4310 889 4385 consecrationum]
914 4318 1073 4368 cretionem)-
