3100 5050
389 505 456 571 562
605 519 719 569 cnara
743 519 870 569 anuuit
895 519 1107 569 suenorum
1187 504 1345 587 [uraw.

391 678 597 762 praeparetis
621 678 833 762 colliguntur
850 676 972 742 latices
994 678 1052 743 siti
1072 676 1199 743 civium
1222 675 1345 760 profu·

392 779 483 859 1ιιι1;
507 779 599 862 quod
624 778 735 863 ipsius
750 778 846 844 urbis
863 779 964 856 situs,
986 778 1171 863 supercilio
1184 777 1229 842 ab
1244 777 1343 860 aqui-

391 879 471 944 lone
494 880 622 944 montis
645 880 729 945 Sion
756 879 938 963 incipiens,
968 879 1020 944 ita
1049 879 1098 944 sit
1128 879 1226 943 molli
1248 877 1345 943 clivo

391 979 593 1062 dispositus,
609 987 649 1045 nt
663 981 786 1064 pluvia
805 981 852 1044 ibi
869 979 1032 1044 decidens
1046 997 1268 1064 nequaquam
1288 979 1343 1042 lu·

392 1088 466 1145 turn
482 1080 602 1160 faciat,
616 1081 677 1146 sed
696 1081 807 1144 instar
822 1079 1006 1146 fluviorum
1021 1081 1078 1145 vel
1093 1081 1253 1145 eisternis
1276 1097 1342 1143 ex·

391 1180 554 1264 cipiatur,
575 1181 632 1246 vel
658 1201 721 1266 per
741 1189 862 1264 portas
885 1179 1041 1246 defluens
1068 1187 1255 1246 torrentem
1274 1178 1344 1244 Ce-

392 1280 480 1346 dron
503 1288 643 1364 augeat.
695 1281 751 1347 Ibi
773 1281 941 1366 templum
958 1281 1100 1346 Domini
1123 1287 1160 1346 et
1173 1279 1343 1364 templum

392 1382 485 1465 qnod
504 1381 624 1447 dicunt
649 1381 857 1459 Salomonis,
874 1381 1000 1466 quibus
1025 1381 1195 1447 incertum
1221 1389 1345 1445 aucto·

393 1482 488 1546 ribus
511 1482 694 1562 (edificata,
708 1482 902 1548 Turcorum
918 1483 1044 1548 celebri
1061 1482 1256 1566 frequentia
1282 1499 1343 1545 co·

392 1583 571 1665 lebantnr3
589 1583 757 1667 templum
771 1583 963 1667 prasertim
979 1584 1133 1661 Domini,
1147 1582 1239 1666 quod
1257 1601 1347 1665 quo-

393 1683 535 1747 tidianis
571 1685 826 1750 venerabantur
855 1684 1023 1762 excubiis,
1055 1683 1345 1766 Christianosqne

393 1783 552 1866 ingressu
578 1786 754 1863 arcebant,
775 1785 986 1850 simulachro
1010 1784 1192 1849 Mahumet
1213 1783 1341 1847 ibidem

394 1883 576 1949 collocato.
629 1885 685 1949 Ibi
699 1879 851 1950 ¹decenti
867 1905 971 1970 opere
993 1893 1176 1968 compacta
1197 1883 1346 1948 ecclesia

393 1984 505 2048 sancti
516 1985 690 2068 sepulchri
703 2005 831 2068 capax,
843 2006 865 2050 a
876 1985 1108 2051 Constantino
1118 2003 1245 2067 magno
1261 1984 1346 2048 aedi-

393 2084 510 2164 ficata,
525 2085 656 2150 nnllam
679 2103 832 2168 unquam
857 2087 901 2150 ab
920 2085 1069 2150 inimicis
1085 2086 1166 2150 fidei
1189 2085 1271 2149 tulit
1287 2085 1342 2148 in·

389 2185 541 2270 jnriam3
575 2195 682 2265 metu,
709 2187 801 2252 sicut
823 2186 983 2271 conjicio,
1010 2187 1180 2270 preigne
1208 2185 1345 2250 coelesti

394 2281 671 2370 percussis,²qui
683 2287 870 2370 quotannis
893 2287 929 2350 in
942 2286 1064 2369 vigilia
1086 2285 1232 2352 Paschae
1254 2286 1344 2350 lam·

394 2388 542 2470 podibus
578 2406 722 2453 serenus
759 2387 918 2469 infulget.
994 2386 1097 2466 Quod
1136 2386 1343 2452 miraculum

394 2489 534 2573 qnando
555 2487 711 2573 coeperit,
730 2488 787 2554 vel
805 2487 835 2552 si
858 2495 943 2553 ante
962 2495 1120 2571 tempora
1133 2480 1343 2553 ³Seraceno-

394 2609 471 2653 rnm
495 2589 611 2668 fixerit,
634 2588 762 2653 nullius
782 2588 937 2654 historie
960 2589 1157 2671 cognitione
1179 2586 1347 2653 discerni-

394 2697 463 2754 tnr.
515 2682 625 2773 ⁴hegi
656 2709 722 2772 ego
754 2688 791 2753 in
820 2689 951 2772 scripto
974 2688 1144 2753 Bernardi
1172 2688 1345 2765 monachi,

394 2788 487 2871 qnod
503 2790 628 2855 abhinc
651 2783 753 2855 annis
772 2790 930 2854 ducentis
947 2788 1213 2873 quinquaginta,
1228 2789 1262 2853 id
1277 2796 1345 2867 est,

394 2998 475 3047 brock
493 3013 522 3047 or
538 2998 626 3062 spring
646 2998 676 3048 oi
691 2998 769 3049 Siloa.
795 2998 857 3065 (Re-
881 3000 973 3049 custod
995 2998 1046 3049 this
1073 2999 1211 3062 pretended
1232 3000 1346 3051 miracle.

394 3069 465 3130 land,
482 3073 542 3119 tom.
556 3082 574 3119 1.
591 3084 635 3132 pp.
653 3072 711 3130 001,
722 3067 792 3134 000.)
808 3070 857 3121 Ta·
883 3070 924 3119 He
944 3070 1056 3120 ascribes
1067 3071 1110 3119 the
1120 3070 1248 3119 invention
1258 3070 1288 3119 ol
1301 3070 1346 3119 the

395 3140 461 3188 citnn
474 3140 597 3188 mentions
613 3154 629 3188 a
644 3140 775 3201 perennial
786 3140 857 3189 foun-
881 3138 956 3202 picus
974 3138 1050 3189 fraud
1067 3142 1093 3189 tc
1108 3140 1151 3189 tha
1168 3138 1267 3189 Franks
1284 3154 1347 3190 soon

394 3210 458 3271 tuin,
474 3224 508 3258 nn
528 3210 666 3270 aqnednet,
682 3209 733 3258 and
751 3210 858 3260 cisterno
882 3210 946 3259 oller
952 3208 994 3259 the
1001 3210 1109 3261 decenae
1116 3210 1146 3260 os
1150 3208 1345 3273 charlemagne.

395 3280 425 3329 oi
448 3280 607 3329 rain-water.
648 3279 702 3329 'l'be
729 3281 858 3342 mncduct
916 3278 1134 3345 marocenorum]
1147 3281 1176 3333 S.
1189 3282 1224 3332 D.
1236 3282 1286 3344 134
1300 3296 1348 3343 pa-

395 3364 450 3399 wae
472 3350 600 3411 conveyed
618 3348 682 3398 from
700 3349 743 3399 the
765 3351 858 3401 rivulat
883 3365 1014 3415 generum,
1025 3352 1056 3402 L.

394 3410 489 3482 Telon,
500 3434 529 3469 or
540 3420 641 3482 Etbam,
651 3419 736 3469 which
754 3420 777 3470 ie
793 3420 858 3471 like·
916 3420 1058 3485 ⁴Legiego
1076 3421 1103 3470 ia
1117 3421 1208 3486 scripto
1219 3420 1347 3473 Bemardi

394 3491 459 3541 wiee
477 3491 621 3541 mentioned
636 3490 801 3552 byBohadin
819 3491 858 3559 (in
882 3492 1019 3556 armti]
1041 3493 1187 3555 ‘Bernard,
1206 3492 1270 3542 with
1292 3497 1346 3543 two

395 3562 448 3610 vit.
459 3561 573 3611 Selodiu.
584 3575 611 3623 p.
622 3557 692 3625 008).
883 3564 1055 3627 companicns,
1066 3563 1148 3613 sailed
1159 3563 1222 3614 irorn
1240 3563 1348 3625 ltelyto

439 3627 447 3658 ¹
460 3630 585 3695 Decenti]
609 3631 638 3682 S.
660 3632 690 3681 C.
708 3632 758 3692 Ε.;
775 3633 858 3695 tereti,
883 3632 1050 3695 Alexandria,
1060 3631 1111 3682 and
1121 3632 1244 3683 travelled
1255 3634 1347 3683 thence

394 3699 428 3751 Δ.
440 3701 476 3751 D.
486 3701 519 3752 L.
883 3703 914 3765 by
927 3704 988 3753 land
998 3708 1024 3752 1ο
1035 3702 1178 3754 Jermaiern
1192 3705 1219 3753 in
1230 3703 1272 3753 tbe
1283 3716 1348 3766 year

441 3767 452 3797 ²
475 3771 527 3826 Qui
559 3770 688 3835 Manain
715 3770 742 3819 in
768 3771 858 3834 vigilio
883 3777 940 3823 870.
976 3774 1053 3823 Their
1073 3774 1167 3823 travels
1183 3790 1226 3824 are
1245 3775 1348 3836 printed

395 3840 499 3889 Porcio
522 3840 673 3905 kutpndibm
693 3855 792 3890 meane
821 3842 858 3890 ia-
882 3843 909 3891 in
928 3844 1154 3894 Mabillon'ehcta
1166 3845 1347 3895 Benedictino-

387 3910 495 3974 fulget]
523 3911 549 3960 lt
566 3925 622 3961 wne
642 3911 781 3972 pretended
803 3911 859 3960 that
882 3928 946 3963 rum.
982 3914 1154 3965 Theeccount
1171 3916 1194 3965 is
1210 3916 1348 3976 ohort,bnt

394 3980 437 4030 the
455 3980 537 4043 lampa
553 3982 581 4030 in
596 3980 639 4030 the
656 3980 752 4031 choreb
770 3980 800 4030 oi
814 3981 857 4031 the
882 3983 929 4033 has
947 3986 1045 4033 several
1067 3986 1215 4048 interesting
1233 3986 1349 4048 particu-

396 4050 466 4113 Holy
493 4051 632 4113 sepulchre
655 4065 723 4099 were
747 4052 857 4101 mbaeu·
881 4053 941 4104 lare.
976 4054 1058 4103 'lbere
1075 4055 1168 4107 iselae
1182 4056 1275 4119 agood
1287 4056 1347 4108 MS.

362 4122 365 4127 ’
393 4121 478 4183 louely
507 4122 605 4185 ignited
638 4136 673 4171 on
698 4122 856 4173 Denter-eva.
882 4124 908 4172 in
930 4124 972 4173 the
995 4124 1092 4175 British
1115 4126 1245 4189 Museum,
1263 4125 1348 4193 (Bibl.

394 4191 567 4252 Moeheim,in
578 4192 619 4241 hie
630 4191 856 4241 Dissertationson
883 4194 949 4243 Cott.
961 4194 1049 4244 Faust.
1070 4196 1102 4244 B.
1115 4194 1147 4261 1.)
1162 4196 1258 4259 where,
1275 4198 1310 4257 by
1329 4212 1348 4246 a

393 4262 585 4312 Ecclesiastical
605 4261 711 4323 History
730 4260 802 4328 (tom.
826 4276 856 4313 11.
881 4264 989 4314 mietake
1000 4264 1030 4313 ol
1044 4266 1087 4315 the
1099 4266 1190 4328 scribe,
1201 4268 1222 4315 it
1234 4267 1257 4315 is
1268 4266 1348 4315 dated

392 4329 856 4398 pp.214-—eoo),hasreparatelydis·
882 4335 951 4384 Ab.
971 4339 1036 4399 9⁷03
1066 4337 1112 4385 bnt
1133 4336 1184 4386 this
1206 4337 1228 4386 is
1250 4335 1348 4398 clearly
