3100 5050
165 474 234 525 nin.
252 460 318 541 1v.]
393 475 506 524 casua
531 474 657 522 uncuu
682 474 895 525 auououuu.
1053 458 1119 525 tor

164 639 238 695 tam
251 632 402 697 ubertim
418 632 573 697 manavit
586 638 626 697 ut
642 632 794 703 vicinum
807 634 937 701 vadum
951 633 1118 701 inficeret.

164 729 344 797 Audiebat
369 732 428 797 ille
453 731 539 810 haec,
564 739 600 797 et
614 726 788 814 ¹ridebat3
810 754 875 799 nec
898 753 964 799 sua
985 735 1119 801 somnia

165 831 209 897 de
223 852 275 909 se,
289 852 353 897 nec
371 832 517 897 aliorum
532 832 621 910 visa,
637 851 775 897 curans.

218 932 237 1017 ς
259 931 334 997 332.
366 932 482 1000 Multa
512 932 554 997 de
582 931 693 1017 ipsius
717 926 820 999 ²nece
845 938 880 997 et
906 934 1058 1018 praevisa
1082 941 1119 998 et

165 1032 336 1115 praedicta
359 1032 514 1097 homines
541 1030 668 1109 ferunt,
696 1052 842 1116 quorum
867 1033 935 1098 tria
956 1033 1118 1122 probabi·

164 1133 252 1198 lium
267 1133 455 1200 relatorum
471 1132 667 1203 testimonio
687 1132 830 1203 lecturis
846 1133 1117 1198 communicabo.

167 1232 352 1311 uumerus,
367 1239 563 1301 nostrorum
586 1239 779 1316 temporum
801 1232 986 1301 historicus
1006 1234 1118 1298 since·

166 1333 273 1397 ritate
284 1333 441 1399 veritatis
458 1332 666 1411 laudandus,
679 1332 764 1400 dicit
779 1331 928 1400 nobilem
941 1334 1039 1402 illum
1056 1352 1119 1397 ex·

167 1433 261 1497 ulem
277 1431 495 1510 Anselmum,
518 1452 596 1503 cum
616 1451 685 1515 quo
707 1432 840 1516 pariter
860 1433 971 1497 omnis
997 1432 1119 1514 religio

166 1533 350 1610 exulabat,
369 1532 650 1601 Marcenuiacum
659 1533 808 1611 venisse,
822 1539 863 1597 ut
877 1532 1042 1622 Hugonis
1058 1533 1119 1597 ab·

167 1632 262 1699 batis
278 1632 516 1700 cluniacensis
539 1632 759 1698 conscientiae
782 1632 940 1716 querelas
960 1652 1120 1700 curarum

166 1753 311 1801 suarum
336 1734 521 1815 ingereret.
573 1732 640 1811 Ibi,
663 1752 742 1798 cum
766 1732 810 1797 de
840 1752 921 1815 rege
943 1734 1121 1799 Willelmo

167 1854 284 1899 sermo
308 1834 536 1912 volutaretur,
561 1833 722 1899 abbatem
748 1833 952 1915 praedictum
979 1833 1121 1912 dixisse,

169 1935 334 2017 proxima
357 1940 458 2002 nocte
481 1953 598 2016 regem
620 1932 718 1997 illum
736 1940 817 1997 aute
832 1933 945 1997 Deum
966 1934 1121 2012 ductum,

168 2043 205 2099 et
230 2034 469 2119 adjudicatum
493 2033 619 2099 librato
639 2032 786 2117 judicio,
812 2034 946 2097 tristem
961 2027 1122 2098 ³damna·

169 2134 276 2201 tionis
291 2134 438 2200 subiisse
454 2134 673 2200 sententiam.
725 2132 768 2197 Id
786 2151 856 2216 quo
873 2133 975 2199 modo
991 2141 1121 2212 nosset,

170 2254 235 2301 nec
266 2236 342 2317 ipse
368 2241 451 2301 tuuc
473 2234 648 2317 exposuit,
670 2253 734 2297 neo
758 2232 883 2315 aliquis
908 2234 1122 2300 audientium

169 2334 374 2418 requisivit:
409 2341 649 2410 veruntamen,
674 2352 737 2415 pro
763 2334 922 2399 contuitu
946 2333 1123 2415 religionis

170 2436 260 2521 ejuS,
278 2433 366 2498 nulli
388 2434 612 2517 praesentium
635 2432 677 2497 de
699 2432 766 2496 fide
790 2432 960 2499 dictorum
983 2433 1123 2498 inbaesit

173 2536 388 2618 ambiguum.
442 2534 529 2619 Ejus
555 2540 631 2598 erat
655 2532 737 2600 vitae
759 2533 882 2616 Hugo,
906 2534 984 2619 ejus
1009 2534 1123 2611 famae,

171 2645 212 2701 ut
231 2654 353 2701 omnes
373 2634 450 2718 ejus
466 2627 698 2717 *suspicerent
711 2633 899 2716 eloquium,
916 2635 1125 2698 mirarentur

174 2736 371 2813 consilium,
387 2734 488 2816 quasi
504 2754 549 2798 ex
565 2733 699 2798 coelesti
711 2733 809 2797 aditu
824 2733 1036 2802 insonuisset
1046 2752 1125 2798 ora·

172 2836 300 2901 culum.
335 2833 411 2899 Nec
428 2834 538 2900 multo
554 2840 635 2917 post
649 2833 775 2910 occiso,
793 2840 833 2898 ut
849 2834 1015 2911 dicemus,
1032 2853 1126 2914 rege,

173 2937 271 3001 veuit
295 2935 442 3000 nuncius
460 2941 500 3002 ut
525 2933 642 3002 sedem
669 2951 768 2997 suem
791 2932 993 3016 dignaretur
1014 2933 1125 2998 archi-

173 3037 368 3119 episcopus.

226 3134 339 3219 §333.
363 3131 481 3198 Pridie
502 3151 606 3213 quam
631 3125 833 3198 ⁵excedcret
845 3133 931 3212 vita,
952 3132 1039 3201 vidit
1066 3152 1128 3216 per

173 3237 329 3320 quietem
346 3251 384 3298 se
401 3231 613 3318 phlebotomi
628 3233 700 3296 ictu
723 3234 926 3313 sanguinem
949 3234 1126 3312 emittere3

176 3334 314 3400 radium
334 3332 466 3398 cruoris
485 3333 523 3395 in
537 3330 662 3398 coelum
677 3349 788 3414 usque
802 3339 1001 3415 protentum
1015 3333 1128 3398 lucem

175 3434 393 3512 obnubilare,
425 3432 516 3496 diem
550 3431 770 3515 interpolare.
842 3431 912 3508 Ita,
941 3432 1129 3496 inclamata

177 3542 303 3600 sancta
338 3533 465 3610 Maria,
496 3551 618 3596 somno
656 3549 838 3608 excussus
867 3531 983 3594 lumen
1011 3530 1130 3593 inferri

178 3635 359 3718 praecepit,
387 3639 422 3698 et
447 3631 677 3696 cubicularios
703 3650 725 3694 a
746 3650 784 3697 se
808 3631 983 3696 discedere
1008 3630 1129 3695 vetuit.

214 3932 365 3995 widdo]
384 3931 413 3981 S·
427 3932 457 3981 0·
469 3931 504 3981 D·
520 3931 572 3992 u.;
589 3945 645 3994 sar·
706 3953 907 4018 wopam]
924 3953 957 4004 r.
970 3953 999 4002 s.
1010 3953 1040 4002 c.
1052 3951 1088 4002 n.
1100 3952 1133 4001 rr.

176 4002 378 4141 fieffd'esslhb·
400 4072 431 4122 c.
448 4070 483 4121 n.
500 4071 547 4132 es
569 4070 645 4118 aar.
672 4028 720 4088 a.;
738 4027 905 4089 'mimir
916 4022 1022 4090 ΜΕ
1036 4020 1107 4086 1801·)

180 4143 440 4273 mmmm]
457 4209 490 4260 A·
510 4211 539 4260 S.
560 4211 591 4259 c·
611 4208 646 4258 D·
673 4158 945 4298 ἰωῖῗσιάινθέυἰὲαᾷ
963 4163 998 4212 D.
1010 4163 1061 4222 E.;
1080 4173 1136 4222 per·

180 4286 208 4336 E
216 4289 240 4338 2.
253 4286 300 4344 L.;
318 4281 422 4332 omitted
434 4283 460 4330 in
471 4281 529 4332 El.
