3100 5050
190 551 262 602 nra.
281 535 354 620 nn]
481 549 657 601 ursroms
679 549 859 602 novrum.
1077 534 1143 599 745
1166 589 1170 592 ,

190 712 329 776 ritatem
356 709 505 795 posteris
537 731 607 775 non
635 712 784 792 negabo.
835 706 985 792 Egregie
1013 707 1141 793 quippe

189 812 341 888 memini,
369 812 446 894 ipsa
470 811 536 889 die,
563 798 642 894 post
665 811 813 874 recitata
837 811 968 893 scripta
994 829 1140 874 excusa-

192 913 282 977 toria
299 913 424 995 quibus
441 912 633 976 absentiam
649 931 747 976 suam
763 911 903 994 quidam
920 910 1026 973 tutati
1045 918 1139 989 sunt,

189 1012 368 1077 sevocavit
386 1013 423 1075 in
437 1020 572 1095 partem
587 1012 724 1094 legatus
741 1012 935 1095 episcopos,
949 1010 1139 1094 habuitque

189 1133 267 1177 cum
283 1113 332 1177 eis
344 1132 505 1177 arcanum
523 1112 658 1177 consilii
673 1112 728 1175 sui
742 1133 751 1190 ;
769 1105 867 1195 ¹post
883 1130 965 1175 mox
981 1111 1138 1190 abbates,

187 1220 363 1297 postremo
396 1213 629 1276 archidiaconi
660 1213 854 1277 convocati.
906 1211 963 1274 Ex
991 1211 1137 1277 consilio

187 1314 274 1377 nihil
299 1313 467 1396 processit
487 1314 524 1376 in
548 1313 744 1396 publicum3
767 1312 992 1376 volutabatur
1019 1318 1137 1375 tamen

186 1431 249 1498 per
265 1415 418 1478 omnium
431 1421 563 1478 mentes
580 1420 616 1477 et
633 1433 695 1478 ora
709 1414 793 1496 quid
809 1412 898 1478 foret
914 1411 1097 1493 agendum.
1141 1459 1149 1476 .

186 1603 362 1662 QUOMODO
385 1603 549 1653 LEGATUS
573 1603 733 1652 DEBITAM
758 1604 803 1650 ΕΤ
821 1578 1026 1651 LEGlTlMAld
1049 1603 1134 1651 SUO·

236 1702 435 1752 OESSIONEM
471 1704 749 1766 IMPERATles
771 1704 810 1750 ΙΝ
848 1703 1003 1752 REGNUM
1043 1703 1136 1752 OOM·

236 1804 488 1852 MENDAVERIT.

237 1911 321 1995 §44
339 1913 441 1978 Feria
457 1915 560 1979 tertia
575 1914 643 1979 hoc
658 1914 729 1978 fere
743 1934 847 1978 sensu
861 1914 970 1996 legati
980 1915 1134 1978 cucurrit
1144 1928 1232 2018 ppulo
1266 1980 1272 1998 ‚

185 2013 319 2077 oratio:
344 2014 578 2097 ‘Dignatione
599 2035 700 2099 papae
725 2035 763 2079 se
779 2017 872 2078 vices
900 2015 976 2098 ejus
1002 2015 1040 2079 in
1058 2013 1132 2078 An·
1145 1984 1282 2080 acirim

184 2113 257 2194 glia
270 2120 386 2178 tenere
400 2135 409 2194 ;
424 2115 570 2199 ideoque
582 2135 645 2199 per
659 2115 689 2200 ej
695 2135 735 2178 us
748 2115 991 2180 auctoritatem
1004 2115 1135 2179 clerum

184 2211 324 2295 Angliae
352 2215 395 2279 ad
428 2215 493 2280 hoc
523 2216 704 2280 concilium
732 2221 994 2297 congregatum,
1024 2222 1064 2279 ut
1089 2216 1133 2279 de

183 2332 269 2394 pace
288 2316 424 2398 patriae,
440 2335 519 2399 quae
533 2315 656 2397 grandi
670 2316 822 2398 periculo
845 2315 1132 2397 naufragabatur,

184 2415 422 2479 consuleretur
446 2417 482 2479 in
507 2415 668 2479 medium.
720 2415 892 2498 Tempore
919 2417 1011 2498 regis
1031 2416 1131 2480 Hen-
1173 2448 1175 2452 v

184 2514 247 2579 rici
273 2515 436 2581 avunculi
461 2516 516 2581 sui
540 2517 717 2599 singulare
742 2516 952 2582 domicilium
975 2517 1072 2600 pacis
1094 2517 1131 2581 in

184 2613 316 2696 Anglia
339 2616 469 2696 fuisse;
490 2619 541 2681 ita
559 2626 609 2696 ut,
633 2637 694 2699 per
711 2617 946 2694 vivacitatem,
968 2618 1133 2682 animosi-

183 2721 303 2794 tatem,
322 2716 529 2781 industriam
552 2717 706 2801 ejusdem
725 2718 1035 2802 praecellentissimi
1051 2718 1132 2795 viri,

183 2835 252 2880 non
278 2816 390 2880 solum
413 2817 597 2899 indigenae,
625 2818 862 2902 cujuscunque
889 2819 1054 2900 potentiae
1073 2819 1131 2882 vel

182 2914 363 2997 dignitatis
396 2924 522 2994 essent,
554 2919 640 2982 nihil
676 2920 815 2983 turbare
856 2918 1035 2994 auderent,
1067 2918 1132 2982 sed*

182 3016 288 3080 etiam
314 3016 389 3102 ejus
412 3018 571 3100 exemplo
595 3019 732 3083 finitimi
754 3020 950 3102 quicunque
971 3037 1070 3100 reges
1093 3026 1132 3083 et

181 3117 354 3199 principes
382 3118 418 3180 in
442 3118 551 3182 otium
574 3126 609 3182 et
630 3118 697 3201 ipsi
722 3119 959 3196 concederent,
987 3125 1022 3182 et
1047 3120 1131 3183 sub-
1207 3106 1217 3115 ’

177 3214 292 3299 jectos
306 3216 362 3281 vel
385 3218 574 3283 invitarent
595 3220 651 3284 vel
665 3213 938 3301 ²compellerent.
991 3218 1061 3298 Qui
1076 3220 1130 3283 vi-

181 3315 307 3381 delicet
329 3337 405 3395 rex,
429 3319 606 3382 nonnullis
636 3327 717 3383 autc
744 3319 875 3384 obitum
905 3320 1016 3396 annis,
1046 3319 1129 3383 filiae

181 3435 254 3480 suae
280 3417 454 3500 quondam
478 3419 688 3501 imperatrici
704 3416 800 3505 (quae
825 3418 902 3483 sola
924 3418 990 3481 sibi
1012 3419 1127 3501 proles

181 3536 225 3579 ex
235 3515 445 3599 desponsata
461 3518 636 3600 quondam
649 3520 798 3603 conjuge
811 3514 1008 3601 supererat)
1026 3539 1131 3583 omne

180 3636 328 3697 regnum
349 3616 500 3699 Angliae,
518 3619 622 3682 simul
647 3626 682 3682 et
703 3618 868 3682 ducatum
888 3617 1130 3695 Normanniae,

175 3716 289 3799 jurari
314 3718 358 3780 ab
373 3718 533 3781 omnibus
554 3718 726 3802 episcopis
748 3719 920 3802 simulque
939 3719 1127 3783 baronibus

181 3816 314 3892 lecerit,
343 3818 373 3881 si
399 3836 597 3882 successore
614 3819 772 3883 masculo
795 3839 839 3883 ex
860 3818 934 3895 illa,
956 3837 1060 3902 quam
1083 3838 1129 3882 ex

182 3914 411 3998 Lotbaringia
433 3916 593 3995 duxerat,
610 3938 720 3983 uxore
742 3925 886 3982 careret.
938 3916 985 3982 Et
1004 3918 1130 3983 invidit

179 4012 329 4101 (inquit)
347 4024 450 4081 atrox
466 4017 606 4082 fortuna
623 4018 940 4101 praecellentissimo
955 4019 1128 4085 avunculo

215 4284 223 4316 ¹
236 4288 320 4352 Post]
337 4290 390 4351 Ε.;
406 4290 510 4339 omitted
524 4292 551 4340 in
564 4291 592 4341 S.
605 4290 640 4341 D.
702 4288 713 4321 ²
728 4293 922 4356 Compellarem]
948 4295 998 4354 E.;
1016 4293 1129 4355 impelle-

177 4356 233 4406 La.
669 4362 772 4425 rent,S.
785 4361 820 4411 D.
833 4363 888 4412 La
