3100 5050
175 516 246 566 nm.
261 499 313 580 v.]
405 515 519 564 cnsrn
543 516 671 566 uncum
694 519 909 567 suenorum
1061 503 1127 570 617

176 673 275 740 tubat
299 672 343 738 ad
369 673 619 757 navigandum,
647 672 823 738 Henricus
837 673 1125 742 inBritanniam
1138 693 1260 735 annom.

177 772 253 856 ejus
268 773 372 857 jussu
388 776 615 839 abscesserat.
667 773 758 839 Tum
774 775 846 852 ille,
863 776 1045 840 occasione
1063 795 1124 840 au·
1234 769 1240 778 '

175 881 315 956 cupata‚
332 894 467 938 omnem
483 873 580 937 illam
593 875 817 957 pecuniarum
833 875 903 940 vim
917 882 1125 942 testamento
1244 926 1249 934 .

175 975 287 1057 patris
314 974 571 1038 adolescentulo
608 974 773 1056 legatam,
802 995 880 1057 quae
916 983 991 1040 erat
1019 977 1124 1042 trium

175 1073 322 1137 millium
353 1093 560 1150 marcarum,
591 1074 628 1137 in
665 1075 909 1157 stipendiarios
945 1095 1027 1140 suos
1062 1077 1123 1141 ab·

175 1173 336 1257 sumpsit.
392 1173 435 1238 Id
462 1173 637 1238 Henricus
665 1193 836 1252 reversus,
867 1175 948 1238 licet
977 1175 1122 1242 forsitan

175 1293 269 1356 aegre
282 1274 432 1351 tulisset,
442 1275 616 1339 taciturna
629 1276 797 1357 preteriit
805 1274 995 1355 industria;
1014 1277 1122 1340 enim-

174 1393 271 1450 vero,
308 1374 473 1438 nunciata
504 1374 601 1457 pacis
636 1374 886 1459 compositione
917 1375 954 1439 in
978 1373 1122 1457 Anglia,

176 1473 336 1556 deposita
350 1474 474 1537 militia
496 1474 599 1537 serias
622 1475 726 1538 armis
748 1475 884 1539 dedere.
937 1473 1060 1540 Comes
1085 1477 1122 1541 in

175 1592 251 1650 sua,
263 1572 383 1658 junior
394 1574 431 1637 in
447 1593 488 1637 ea
505 1593 584 1656 quee
598 1572 707 1638 frater
722 1593 806 1638 suus
821 1574 964 1639 dederat
971 1575 1027 1639 vel
1041 1595 1122 1658 pro-

174 1674 328 1750 miserat,
349 1673 529 1752 discessit3
554 1693 702 1756 namque
722 1681 758 1738 et
780 1673 816 1737 in
839 1683 1019 1756 acceptum
1041 1695 1122 1758 pro-

176 1773 283 1837 missa
305 1773 487 1850 rescrebat,
506 1773 705 1838 custodiens
729 1775 852 1838 turrim
874 1773 1063 1856 Rotomagi
1085 1775 1121 1840 in

175 1873 252 1957 ejus
267 1873 487 1938 fidelitatem:
512 1873 572 1937 sed
588 1873 761 1938 delatione
774 1874 1001 1957 pessimorum
1017 1875 1122 1939 cessit

174 1973 211 2037 in
229 1974 412 2038 adversum
433 1973 594 2051 fidelitas,
611 1980 646 2038 et
662 1973 759 2044 nulla
779 1993 844 2038 sua
865 1974 967 2057 culpa
987 1975 1024 2037 in
1045 1974 1122 2057 ipso

173 2073 295 2138 eodem
320 2074 398 2138 loco
424 2073 599 2137 Henricus
630 2073 737 2137 libere
762 2074 955 2139 custoditus
985 2080 1050 2152 est,
1076 2095 1120 2139 ne

174 2179 396 2239 servatorum*
424 2173 638 2253 diligentiam
666 2173 793 2255 effugio
819 2174 964 2239 luderet.
1033 2174 1121 2239 Post

174 2274 325 2338 medium
338 2293 466 2337 annum
479 2273 633 2351 laxatus,
650 2272 750 2338 fratri
764 2273 941 2338 Willelmo
958 2274 1121 2339 invitanti

175 2375 385 2443 serviturum
410 2393 448 2437 se
471 2374 616 2453 obtulit;
640 2381 678 2438 at
701 2373 772 2451 ille,
795 2373 904 2438 nihilo
929 2374 1120 2438 modestius

175 2474 344 2558 ephebum
365 2493 600 2551 remunerans,
616 2473 695 2558 plus
718 2467 810 2539 ann'o
830 2474 992 2547 inanibus
1016 2493 1121 2558 spon-

173 2576 330 2640 sionibus
344 2581 503 2657 egentem
518 2574 662 2639 distulit.
715 2574 949 2659 Quapropter,
966 2574 1122 2640 Roberto

175 2676 449 2745 emendationem
486 2673 570 2739 facti
607 2695 669 2758 per
698 2675 844 2739 nuncios
887 2676 1121 2758 promittente,

175 2775 424 2840 Normanniam
449 2775 555 2851 venit,
578 2776 755 2839 amborum
782 2775 927 2840 fratrum
955 2782 1120 2857 expertus

173 2875 330 2940 insidias.
383 2875 476 2939 Nam
494 2882 530 2939 et
542 2894 617 2952 rex,
632 2895 695 2957 pro
716 2877 856 2957 repulsa
870 2875 992 2953 iratus,
1009 2880 1050 2955 ut
1067 2894 1120 2937 re-

174 2976 341 3040 tineretur
362 2974 719 3054 frustramandarat3
751 2982 787 3039 et
818 2995 945 3053 comes,
979 2994 1121 3039 accusa-

174 3082 290 3148 torum
319 3074 500 3139 lenociniis
529 3082 696 3152 mutatus,
719 3074 934 3139 voluntatem
957 3082 1122 3153 verterat,

175 3183 214 3240 ut
227 3174 406 3240 blanditiis
420 3181 641 3239 attrectatum
656 3194 726 3239 non
741 3175 793 3239 ita
806 3175 906 3239 facile
921 3174 1120 3240 dimitteret.

174 3275 307 3347 Verum
330 3276 402 3352 ille,
419 3274 487 3338 Dei
509 3274 727 3357 providentia
749 3282 784 3339 et
807 3275 925 3356 sagaci
951 3293 1016 3338 sua
1044 3275 1121 3343 dili,-

176 3376 295 3457 gentia
331 3381 457 3439 cuncta
492 3375 642 3439 evadens
685 3374 851 3457 pericula,
895 3375 1121 3458 occupatione

174 3474 408 3541 Abrincatum
438 3481 474 3538 et
505 3474 721 3557 quorundam
753 3473 975 3538 castellorum
1007 3474 1121 3555 coegit

174 3574 317 3640 fratrem
331 3575 478 3638 libenter
493 3575 572 3657 paci
586 3594 725 3639 manum
741 3573 877 3640 dedere.
921 3572 997 3637 Nec
1013 3573 1122 3638 multo

175 3683 267 3759 post,
276 3674 453 3740 Willelmo
461 3676 620 3739 veniente
637 3676 674 3737 in
690 3674 942 3738 Normanniam
956 3674 1008 3738 uti
1025 3693 1062 3737 se
1079 3674 1121 3737 de

174 3775 283 3840 fratre
305 3774 460 3839 Roberto
490 3774 724 3853 ulcisceretur,
751 3774 869 3838 comiti
901 3774 1121 3857 obsequelam

176 3895 276 3940 suam
291 3875 461 3951 exhibuit,
478 3874 668 3956 Rotomagi
683 3868 844 3957 ¹posituS.
893 3874 1053 3957 Denique
1067 3894 1121 3937 re·

176 3977 252 4057 gios
268 3995 309 4039 eo
326 3974 475 4038 interdiu
492 3974 682 4052 venientes,
696 3975 756 4056 qui
771 3974 850 4038 dolo
873 3975 998 4038 civium
1012 3980 1121 4037 totam

173 4075 379 4159 jampridem
403 4080 658 4157 occupaverant
687 4075 818 4151 urbem,
845 4074 952 4156 probe
976 4073 1122 4156 expulit,

352 4327 360 4359 ¹
373 4329 495 4393 Petita]
512 4329 544 4380 A.
559 4331 589 4379 C.
602 4329 636 4377 D.
650 4329 681 4378 E.
694 4327 724 4376 L.
732 4344 740 4389 ;
758 4329 903 4389 proventus,
915 4324 943 4375 S.
