3100 5050
204 496 343 580 maa]
427 517 541 567 casus
567 518 694 570 annun
718 520 935 570 Anononun.
1088 506 1154 572 677

201 673 336 754 grando
360 676 529 758 percellit,
561 685 751 762 raptusque
783 679 819 742 in
843 678 1003 742 manibus
1030 698 1150 743 eorum

200 774 304 838 vivus
328 775 441 840 adhuc
465 777 502 841 iu
526 779 777 861 presbyterium
800 786 882 842 ante
904 778 1014 843 altare
1036 781 1149 844 sancti

95 918 101 938 .
201 871 382 939 Pancratii
395 877 557 942 defertur.
613 878 680 942 Ubi
696 877 897 961 aliquandiu
909 877 1147 960 supervivens,

199 993 300 1039 roseo
322 975 423 1041 faciei
444 979 569 1042 rubore
591 979 723 1057 suavis,
742 980 863 1043 eadem
880 978 946 1042 diei
973 978 1058 1044 hora
1078 1000 1147 1063 qua

198 1076 401 1156 purgandus
421 1077 617 1144 infirmatus
649 1086 715 1154 est,
747 1079 920 1144 cariturus
950 1080 1148 1160 perenniter

198 1175 293 1238 omni
323 1177 428 1256 malo,
455 1198 563 1262 purus
591 1178 756 1260 migravit
788 1179 832 1242 ad
858 1178 1046 1243 Christum.
1099 1180 1146 1245 Et

197 1274 279 1338 vide
305 1297 410 1360 quam
433 1271 653 1347 ¹mirabiliter
676 1279 712 1348 in
744 1299 787 1343 eo
815 1286 940 1344 cuncta
963 1297 1144 1345 concurre·

197 1382 298 1441 runt:
324 1378 443 1460 passio
469 1379 562 1444 servi
585 1397 663 1443 cum
690 1380 849 1463 passione
873 1379 1035 1458 Domini;
1059 1378 1145 1444 hora

195 1474 394 1558 incipientis
406 1477 630 1556 infirmitatis,
641 1499 721 1543 cum
731 1478 817 1544 hora
830 1479 1027 1562 incipientis
1044 1486 1144 1544 aeter-

196 1594 253 1640 nae
278 1577 421 1658 salutis3
445 1580 598 1662 quinque
619 1579 693 1644 dies
708 1599 795 1663 quos
819 1579 984 1644 sustinuit
1001 1579 1143 1660 aegritu·

196 1674 300 1753 dinis,
315 1679 429 1760 quiuis
444 1679 599 1763 corporis
611 1678 782 1758 sensibuS,
800 1680 925 1763 quibus
942 1698 1043 1743 nemo
1054 1680 1143 1745 vitat

194 1783 388 1857 peccatum,
409 1778 648 1843 emundandis.
700 1778 811 1845 Porro
832 1780 924 1861 quod
944 1777 1066 1862 quinto
1087 1779 1142 1844 die

195 1876 341 1940 necdum
354 1884 532 1943 transacto
545 1879 705 1957 decessit,
718 1887 758 1944 ut
770 1873 915 1956 ²remnr,
935 1877 1050 1943 innuit
1064 1899 1142 1943 eum

195 1974 232 2039 in
245 1976 369 2042 ultimo
384 1997 499 2055 sensu,
514 1980 575 2062 qui
591 1985 706 2044 tactus
722 1979 861 2057 dicitur,
876 1999 946 2044 non
956 1979 1141 2062 perfecisse

193 2083 387 2157 peccatum.
438 2078 560 2144 Tertia
576 2099 659 2143 vero
685 2079 754 2144 diei
778 2079 875 2158 hora,
894 2098 964 2163 qua
988 2086 1023 2143 et
1038 2079 1140 2152 ¹infir-

194 2183 311 2240 matus
336 2186 390 2243 est
419 2186 455 2243 et
483 2179 660 2244 moriendo
687 2180 723 2244 in
749 2181 856 2245 vitam
885 2179 1062 2261 ingressus
1087 2189 1141 2244 est

195 2279 471 2362 aeternam,.quid
490 2279 583 2343 aliud
604 2280 760 2344 insinuat
774 2299 879 2362 quam
895 2278 1039 2343 eandem
1061 2278 1140 2362 Spi-

193 2376 282 2440 ritus
299 2378 419 2444 Sancti
432 2380 593 2462 gratiam,
612 2399 681 2462 qua
702 2399 838 2444 omnem
853 2379 929 2464 ejus
944 2380 1052 2444 vitam
1074 2399 1139 2460 gu-

192 2477 371 2545 bernatam
396 2481 649 2563 cognoscimus,
675 2487 711 2546 et
732 2479 907 2546 infirmato
937 2487 973 2545 et
1000 2479 1141 2545 obeunti

193 2578 371 2645 evidenter
385 2580 548 2646 affuisset
593 2582 644 2646 Ut
656 2581 852 2663 etiamcsse
869 2600 1052 2664 supparem
1069 2580 1139 2645 illis

193 2679 351 2760 patribus
366 2682 506 2760 nostris,
520 2674 651 2747 ³Odoui
665 2681 798 2746 scilicet
814 2689 918 2763 atque
935 2680 1087 2757 Odiloni,
1103 2689 1139 2746 et

193 2778 317 2844 merito
332 2787 369 2845 et
384 2782 539 2865 praemio,
555 2802 625 2847 non
644 2780 871 2864 ambigamus,
888 2781 1023 2863 insigne
1037 2779 1138 2863 quid-

191 2877 273 2942 dam
295 2879 365 2945 illis
392 2900 593 2947 concessum
614 2882 698 2946 huic
723 2900 861 2963 quoque
884 2881 1049 2945 collatum
1072 2888 1136 2945 est.

190 2977 280 3042 Cum
295 2982 386 3045 enim
410 2982 479 3046 illis
496 2982 682 3047 contulerit
699 2982 872 3046 Dominus
888 2988 927 3044 ut
942 2987 1067 3045 octavo
1082 2980 1137 3045 die

189 3078 438 3146 solennitatum
452 3084 541 3164 quas
562 3085 635 3166 pr'ae
652 3082 788 3146 caeteris
803 3080 995 3163 diligebant
1010 3082 1137 3145 transi-

189 3186 287 3260 rent3
311 3200 392 3245 nam
408 3190 444 3247 et
459 3184 582 3261 beatus
596 3182 674 3247 Odo
689 3182 914 3262 festivitatem
930 3182 1024 3245 beati
1039 3181 1136 3244 Mar-

189 3279 266 3355 tini,
288 3289 324 3346 et
348 3290 490 3346 sanctus
505 3282 609 3347 Odilo
628 3281 860 3347 Nativitatem
884 3282 1026 3346 Domini
1048 3300 1137 3363 prae-

189 3380 290 3462 cipue
316 3384 492 3460 amabant,
516 3382 553 3446 in
581 3402 727 3465 quorum
755 3389 882 3446 octava
907 3380 962 3444 die
991 3388 1136 3463 uterque

187 3478 358 3561 decessit3
382 3482 521 3547 domino
540 3482 707 3561 Lan'zoni,
720 3482 866 3564 quiprae
881 3481 1017 3546 caeteris
1032 3480 1136 3564 hujus

188 3580 255 3644 aevi
270 3580 465 3647 hominibus
480 3583 635 3665 regulam
649 3583 763 3647 sancti
779 3580 959 3646 Benedicti
972 3582 1136 3645 observa·

187 3681 260 3758 bat,
283 3689 319 3746 et
341 3682 479 3747 beatam
495 3684 562 3748 Dei
584 3682 786 3765 genitricem
809 3681 953 3765 ejusque
980 3680 1137 3745 solennia

186 3781 354 3863 singulari
372 3784 603 3847 venerabatur
625 3782 948 3860 affectu,‘'oontulit,
971 3787 1010 3844 ut
1032 3779 1137 3845 solita
1201 3814 1203 3817 ·

220 4051 415 4115 ¹Mirabiliter.]
432 4052 466 4104 A.
478 4052 507 4104 S.
525 4054 561 4103 D.
577 4052 648 4112 ης
673 4049 742 4112 Odo,
751 4050 845 4100 second
863 4050 939 4099 abbot
949 4048 978 4097 of
986 4048 1072 4119 Cluui,
1082 4063 1137 4098 was

186 4124 351 4183 mutabiliter,
364 4124 437 4173 GE.
584 4155 587 4157 ψ
673 4120 825 4169 founder'of
839 4120 881 4169 the
898 4120 1005 4169 Cluniae
1030 4119 1086 4168 rule
1110 4120 1138 4168 in

222 4187 358 4261 Ἴωνα]
378 4195 409 4243 C.
422 4194 457 4243 D.
469 4193 518 4255 E.;
539 4189 649 4254 reond.
674 4190 716 4239 the
724 4190 794 4239 tenth
802 4194 916 4251 century.
946 4188 1138 4239 Odilowasthe

186 4264 282 4315 Ml.
674 4260 730 4309 liltb
754 4260 832 4310 abbot
853 4260 881 4309 of
899 4260 987 4321 Cluui,
1009 4257 1060 4310 and
1081 4255 1140 4309 suc}

220 4332 432 4383 'Odoniscilieet
443 4338 514 4396 utque
527 4324 648 4399 odiloni]
675 4330 770 4381 ceeded
782 4331 808 4378 in
819 4334 877 4380 994.
983 4362 986 4368 -
1029 4362 1031 4368 -
1075 4362 1078 4369 -
