3100 5050
147 482 309 565 marra]
377 499 491 548 ensrn
515 499 643 548 arcun
667 497 886 548 ancnoauu.
1038 483 1104 548 431

152 655 314 734 Osberni,
326 650 551 741 ¹principibus
568 657 708 742 optimis
719 657 973 741 comparandus
988 657 1104 734 fuerit,

150 755 245 820 haud
260 757 333 821 scio
350 777 396 822 an
410 758 514 822 etiam
536 757 803 842 praeponendus.
855 757 942 841 Ejus
959 756 1105 821 oonsilio

149 875 216 919 rex
239 856 438 922 Willelmus
459 858 571 940 primo
602 839 777 922 animatus
805 857 850 921 ad
874 855 1105 921 invadendam
1210 901 1219 918 .

150 952 341 1036 Angliam;
364 976 459 1033 mox,
480 958 612 1023 virtute
636 957 790 1041 adjutus,
810 956 855 1021 ad
879 963 1105 1021 manutenen-

151 1053 246 1118 dam.
300 1054 387 1120 Erat
403 1056 439 1118 in
461 1076 503 1120 eo
525 1056 651 1120 mentis
668 1056 870 1120 animositas
884 1075 989 1138 quam
1011 1075 1105 1120 com·

149 1153 341 1219 mandabat
355 1174 479 1218 manns
501 1176 589 1238 pene
611 1154 758 1238 prodiga
779 1155 990 1219 liberalitas:
1013 1154 1105 1218 unde

151 1251 285 1317 factum
302 1261 367 1332 est,
382 1262 424 1318 ut
439 1255 587 1319 militum
609 1254 840 1331 multitudine,
857 1254 983 1338 quibus
1004 1253 1106 1335 larga

150 1352 326 1434 stipendia
349 1353 468 1430 dabat,
489 1354 641 1418 bostium
662 1354 865 1419 aviditatem
886 1359 1031 1428 arceret,
1056 1354 1105 1416 ci·

151 1453 249 1516 vium
285 1452 504 1517 sedulitatem
542 1453 711 1534 haberet3
749 1471 858 1536 qnare
892 1473 955 1535 pro
988 1451 1105 1516 effusis

151 1552 349 1634 sumptibus
379 1551 604 1634 asperrimam
634 1553 726 1634 regis
753 1552 919 1616 offensam
948 1551 1105 1628 incurrit,

151 1651 247 1732 quod
272 1671 378 1733 gazas
400 1670 482 1715 snas
502 1651 693 1735 improvide
712 1651 930 1734 dilapidaret.
981 1651 1106 1716 Manet

152 1750 198 1814 ad
225 1750 316 1816 hanc
345 1751 449 1828 diem,
480 1751 517 1815 in
548 1751 715 1816 comitatu
747 1751 824 1835 ejus
861 1750 954 1834 apud
989 1750 1104 1814 Here-

150 1849 302 1928 fordnm,
326 1850 442 1932 legum
464 1870 552 1932 quas
573 1851 698 1916 statuit
718 1851 926 1915 inconcussa
947 1849 1105 1928 firmitas,

151 1956 192 2013 ut
215 1949 333 2014 nullus
358 1951 457 2014 miles
479 1971 542 2032 pro
568 1950 799 2033 qualicunque
819 1949 1001 2014 commisso
1023 1951 1104 2033 plns

151 2056 286 2131 septem
300 2048 421 2114 solidis
441 2049 575 2129 solvat;
599 2069 677 2112 cum
694 2050 730 2113 in
746 2049 825 2114 aliis
845 2047 1045 2133 provinciis
1058 2050 1104 2113 ob

150 2168 296 2231 parvam
314 2149 592 2214 occasiunculam
604 2149 641 2212 in
653 2149 929 2230 transgressione
938 2149 1105 2231 praecepti

152 2246 282 2327 herilis,
314 2248 439 2330 viginti
467 2249 524 2313 vel
554 2247 678 2330 viginti
710 2249 863 2331 quinque
895 2246 1103 2329 pendantur.

152 2347 220 2412 Sed
235 2354 310 2411 tam
321 2347 491 2412 secundos
513 2355 658 2412 eventus
672 2339 767 2429 turpi
783 2347 851 2410 fine
867 2346 1006 2411 fortuna
1022 2366 1106 2411 con·

152 2447 269 2524 clusit,
297 2446 379 2510 dum
408 2447 499 2512 tanti
523 2448 622 2529 regni
650 2453 877 2523 sustentator,
899 2444 1041 2528 Angliae
1068 2453 1104 2512 et

153 2545 382 2611 Normanniae
410 2546 641 2624 consiliarius,
669 2566 733 2628 pro
759 2546 922 2610 foeminea
945 2546 1104 2629 cupidine

153 2646 355 2711 Flandriam
380 2665 540 2729 pergens,
568 2648 612 2710 ab
642 2646 900 2710 insidiatoribus
927 2645 1104 2731 impetitus

152 2746 296 2810 interiit.
350 2745 443 2810 Nam
460 2744 663 2809 Baldwinus
687 2746 850 2827 antiquus
870 2745 929 2808 ille
950 2742 1011 2831 (de
1034 2765 1105 2827 quo
1192 2737 1195 2743 ’

154 2845 312 2927 superius
334 2840 440 2928 dixi),
453 2850 554 2927 pater
566 2843 737 2921 Matildis,
751 2845 838 2910 duos
861 2844 984 2909 habuit
996 2843 1103 2910 filios:

156 2944 362 3020 Robertum,
377 2944 449 3026 qui,
464 2949 565 3026 patre
589 2943 775 3025 superstite
799 2944 1011 3008 comitissam
1029 2943 1107 3007 Fri-

155 3045 215 3107 siae
230 3062 378 3107 uxorem
400 3049 537 3119 nactus,
556 3042 710 3107 Frisonis
732 3061 924 3123 cognomen
947 3042 1103 3125 accepit:

156 3143 390 3219 Baldwinum,
427 3142 488 3224 qui
530 3149 611 3224 post
653 3149 789 3223 patrem
828 3141 963 3224 aliquot
1002 3141 1105 3205 annis

157 3242 333 3307 Flandriae
371 3240 524 3323 praefuit,
562 3241 813 3322 immaturoque
850 3240 924 3306 fato
964 3238 1105 3304 functus

155 3349 234 3421 est3
275 3340 519 3422 superstitibus
550 3339 690 3404 duobus
725 3340 842 3404 liberis
878 3337 1028 3405 Arnulfo
1068 3346 1106 3404 et

155 3440 350 3517 Baldwino,
379 3439 422 3503 de
448 3438 609 3503 Richilde
634 3458 756 3514 uxore,
784 3457 931 3521 quorum
957 3438 1105 3502 tutelam

154 3542 228 3622 regi
265 3540 478 3605 Francorum
512 3536 688 3619 Philippo,
716 3531 835 3620 ²oujus
867 3538 983 3601 amitae
1011 3536 1104 3601 filius

154 3647 241 3717 erat,
267 3646 304 3705 et
320 3637 498 3703 Willelmo
515 3631 766 3713 filio'Osberni,
790 3635 1103 3702 commendaverat.

188 3853 393 3917 1Ρνὶιιοιίήὸιιι]
409 3852 443 3903 Δ.
463 3855 493 3905 0.
511 3854 547 3906 D.
565 3856 617 3916 Est,
641 3872 697 3905 rum
719 3860 792 3918 patre
813 3870 861 3905 suo
882 3859 989 3914 mortno,
1010 3867 1104 3914 parvu-

152 3925 285 3989 principis,
295 3924 325 3975 S.
337 3923 370 3974 1..
640 3927 683 3975 lus
701 3926 838 3985 remansit3
860 3924 936 3987 cnjus
958 3922 1104 3972 Baldninus

186 3992 288 4057 'cnjus
297 3990 541 4057 omitoefiliaoerat]
551 3992 617 4042 ‘llo
641 4009 724 4045 comes
741 3995 869 4045 Flandriae
885 3998 954 4043 tutor
963 3993 1028 4051 iuit3
1044 4006 1103 4040 nam

154 4067 238 4117 bertus
262 4061 318 4127 (rex
342 4059 510 4127 Francorum)
529 4064 617 4124 genuit
641 4067 698 4129 ejus
725 4064 838 4125 amitam,
863 4076 972 4113 sororem
995 4061 1103 4109 Henrici

153 4135 303 4195 Hordeum,
313 4132 360 4194 qui
376 4144 453 4181 xxrx.
471 4132 544 4181 annis
560 4147 616 4194 reg·
638 4135 715 4195 regis,
728 4148 831 4182 uxorem
842 4131 1061 4182 duxerat.'—Lib.
1070 4130 1103 4180 de

151 4206 233 4253 navit:
262 4203 395 4252 Hearieus
417 4202 505 4262 genuit
517 4202 617 4263 Philip·
640 4203 730 4253 Oastm
742 4203 882 4265 Ambasiae,
900 4217 943 4263 ap.
954 4200 1102 4261 Achenum,

152 4288 221 4336 pum,
233 4273 288 4336 qui,
300 4272 415 4323 ilenrico
430 4285 489 4333 rege
508 4272 613 4321 Franco·
639 4277 698 4323 torn.
710 4286 752 4323 111.
763 4288 791 4334 p.
799 4276 857 4325 2⁷2.
874 4271 971 4338 (Bouq.
984 4283 1022 4321 ιι.
1032 4266 1103 4334 186.)
