3100 5050
168 533 241 580 nm.
259 516 323 596 1v.]
403 531 516 580 onsrn
540 532 667 583 ancum
691 533 905 583 asotorum.
1058 519 1122 583 551

168 691 267 766 bant,
284 688 433 754 ludibrio
455 697 651 754 nostrorum
675 690 1035 769 excarnificanda,ch
1058 695 1118 758 ab·
1133 714 1285 766 namma..

168 789 253 853 latis
271 791 424 854 vestibus
438 783 669 858 ¹donudanda.
704 791 902 856 Doluerunt
914 793 949 856 id
969 793 1115 859 Franci:

169 911 236 955 nee
264 891 360 973 prius
392 892 601 956 abstiterunt
634 892 725 956 ferro
758 911 919 956 exercere
953 893 1117 973 dolorem,

170 1011 278 1074 quam
301 991 420 1069 Turci,
449 992 614 1055 extremis
641 991 743 1056 malis
770 992 866 1070 sessi,
894 992 951 1057 die
976 994 1117 1059 solstitii

170 1091 340 1156 aestivalis
362 1111 424 1174 per
439 1092 672 1156 clandestinos
694 1091 840 1157 nuncios
861 1093 1061 1176 imperatori
1077 1114 1115 1159 se

168 1190 343 1260 dedidere.
371 1191 449 1270 Ille,
464 1193 525 1275 qui
538 1192 624 1256 nihil
639 1200 767 1276 praeter
783 1194 1000 1258 commodum
1014 1215 1116 1279 suum

169 1312 319 1375 pensare
336 1300 466 1369 nosset,
491 1291 712 1358 denunciavit
731 1293 876 1358 Francis
899 1302 938 1359 ot
959 1295 1114 1376 abirent;

170 1393 305 1457 maleus
316 1394 434 1457 urbem
452 1392 584 1457 servari
592 1392 785 1458 'lurcorum
802 1403 934 1478 apertae
949 1395 1115 1478 perfidiae,

169 1513 276 1577 quam
295 1494 507 1558 Francorum
522 1501 693 1577 suspecta
709 1495 887 1578 potentiae.
932 1495 954 1560 J
958 1496 1047 1559 ussit
1060 1504 1114 1559 ta-

169 1613 251 1657 men
278 1593 437 1658 distribui
462 1601 643 1676 argentum
669 1602 705 1659 et
728 1614 851 1659 aurum
876 1596 1115 1678 optimatibus,

169 1713 328 1758 nummos
344 1713 454 1759 aereos
475 1693 706 1773 inferioribus,
724 1713 767 1760 ne
789 1713 828 1759 se
849 1697 1116 1761 irremuneratos

167 1801 408 1878 quererentur.
462 1794 520 1859 Ita
549 1794 667 1873 Turci,
698 1796 758 1878 qui
781 1795 856 1880 jam
891 1815 914 1860 a
947 1798 1117 1881 quinqua-

167 1897 272 1979 ginta
298 1896 400 1960 annis
428 1895 641 1979 Bithyniam,
664 1915 744 1979 quea
772 1904 828 1960 est
857 1915 940 1979 pars
969 1897 1117 1961 Minoris

166 1995 280 2073 Asiae,
294 2014 398 2079 quam
413 1996 623 2061 Romaniam
634 1997 766 2074 dicunt,
777 1996 956 2080 Euphrate
970 1998 1117 2062 transito

165 2097 410 2181 possederant,
437 2097 474 2160 in
500 2098 694 2180 superiores
723 2097 809 2180 fuga
841 2106 953 2162 terras
977 2117 1118 2163 conces-

167 2217 273 2276 sere;
298 2204 525 2262 veruntamen
549 2198 626 2262 ausi
658 2205 751 2276 sunt,
776 2198 956 2263 obsidione
988 2198 1116 2274 soluta,

165 2297 361 2362 exercitum
378 2298 471 2362 ultra
485 2297 761 2380 progredientem
774 2299 957 2376 incessere,
975 2306 1117 2363 auctore

165 2397 321 2482 quodam
345 2391 563 2490 ²Solhnanno
595 2399 651 2462 cui
685 2398 874 2462 dominium
906 2399 1017 2464 totius
1044 2398 1118 2462 Ro-

167 2499 297 2564 maniae
308 2491 506 2582 ³ohtigerat.
537 2516 540 2522 ·
559 2497 609 2577 Is,
621 2498 752 2564 coactis
768 2499 1029 2583 sagittariorum
1041 2499 1118 2563 mil-

165 2602 262 2665 libus
289 2600 517 2664 aestimatione
546 2600 709 2663 trecentis
737 2600 934 2682 sexaginta,
965 2608 1116 2677 nostros,

167 2699 399 2765 nihil'minus
427 2718 530 2784 quam
559 2700 685 2763 bellum
711 2700 930 2777 meditantes,
956 2708 1056 2765 tanta
1081 2701 1117 2763 vi

166 2820 359 2883 aggressus
382 2808 448 2878 est,
463 2807 515 2877 ut,
530 2798 642 2863 ferreo
655 2800 763 2865 imbre
785 2801 991 2882 sagittarum
1014 2802 1116 2864 inun-

166 2904 277 2968 dante
305 2901 492 2984 perterriti,
515 2919 635 2965 omnes
660 2901 902 2964 incunctanter
927 2901 1029 2964 dorsa
1052 2920 1116 2964 nu-

166 3004 307 3068 darent.
348 3001 395 3066 Et
411 3009 487 3065 tum
502 2999 592 3064 forte
607 2993 698 3063 ⁴dux
717 3000 938 3077 Godehidus,
953 3009 989 3065 et
1007 3000 1115 3082 Hugo

132 3118 136 3123 ·
165 3121 332 3185 magnus,
356 3109 392 3166 et
415 3100 632 3166 Raimundus
658 3101 763 3165 aliam
786 3100 879 3164 viam
902 3101 1116 3178 invaserant,

166 3210 269 3267 utet
294 3201 509 3266 inimicorum
530 3200 641 3264 solum
665 3202 917 3284 popularentur
939 3201 1058 3277 latius,
1081 3208 1117 3265 et

166 3304 244 3369 suis
260 3302 389 3386 pabula
404 3306 646 3385 compararent
660 3300 808 3365 facilius.
860 3298 912 3364 At
928 3320 1010 3365 vero
1025 3301 1118 3366 Nor-

166 3422 332 3479 mannus,
352 3402 496 3485 ancipiti
512 3400 708 3466 discrimine
724 3410 914 3485 permotus,
930 3402 1118 3465 adventum

167 3504 377 3581 Turcorum,
392 3502 565 3586 expeditis
578 3500 788 3580 cursoribus
798 3501 988 3568 Godefrido
1003 3509 1038 3565 et
1053 3521 1119 3565 cae-

166 3606 254 3671 teris
280 3623 342 3688 per
369 3610 465 3667 tutos
493 3602 649 3666 tramites
676 3602 861 3667 intimavit.
913 3600 983 3679 Illi,
1012 3620 1118 3665 morae

167 3706 290 3784 nescii,
303 3703 412 3787 signis
424 3704 466 3767 in
483 3702 616 3766 hostem
631 3703 821 3781 conversis,
837 3704 950 3766 socios
964 3703 1120 3785 eripuere

206 3928 215 3961 ¹
233 3924 408 3991 nauata]
427 3927 460 3977 u.
481 3925 634 3987 s.;‹1ejr0r-
659 3896 848 3975 orrerdsoem.
873 3923 985 3988 (sone
997 3922 1123 3985 ossus,

167 4002 246 4065 enda,
257 4000 291 4049 A.
304 3999 333 4049 S.
347 3999 377 4048 C.
389 3998 420 4047 L.
659 4002 719 4046 tom.
730 4008 768 4045 111.
781 4012 807 4057 p.
819 3996 846 4044 ii.
859 4010 904 4056 pp.
917 3993 1036 4058 lli-³0.)

168 4062 636 4199 „ssffflmfi'fissffiffifflffl
695 4094 918 4160 mergentis.
932 4096 1007 4147 as.
1020 4094 1124 4156 r.;0a

168 4211 294 4276 kingdom
304 4210 333 4259 oi
341 4206 424 4258 Reum
435 4204 562 4257 extended
573 4204 636 4253 {rom
662 4173 773 4229 venem’
785 4168 814 4216 S·
828 4168 859 4216 0·

168 4285 213 4335 the
226 4282 379 4343 Hellespout
390 4284 416 4328 to
426 4278 469 4327 the
486 4277 595 4327 confines
612 4274 641 4323 oi
698 4271 707 4298 ⁴
719 4272 804 4334 Dua]
816 4270 850 4319 Δ.
862 4270 891 4319 S.
905 4272 934 4320 C.
948 4270 983 4321 D.
991 4271 1022 4321 1..
1032 4287 1041 4332 ς
1053 4271 1127 4319 omit-

169 4356 256 4417 Syria,
266 4352 317 4402 aud
328 4349 419 4401 barred
430 4349 473 4397 the
484 4348 636 4411 pilgrimsge
663 4342 706 4391 ted
718 4343 744 4391 in
756 4343 789 4391 E.

935 4431 1005 4476 202
