3100 5050
170 539 242 587 mn.
259 523 310 605 v.]
395 539 509 590 enarr
532 541 660 590 ancon
683 537 899 589 nucnoaun.
1056 519 1121 586 667

171 697 278 760 etiam
292 703 330 760 nt
346 697 409 761 has
423 699 543 762 literas
565 697 655 762 alter
670 696 771 762 alteri
793 694 1009 780 praesentari,
1027 697 1121 760 omni
1133 717 1256 807 popelli&

170 802 306 862 remota
318 799 543 880 negligentia,
557 798 706 862 faciatis.
752 798 849 862 Data
865 797 984 874 Sutrii,
997 797 1119 881 quinto
1132 777 1265 917 piffitppe

170 894 340 960 kalendas
357 898 469 962 Maii?
1242 895 1248 907 ⁸

222 997 337 1080 §434
362 998 506 1062 Urbana
531 998 670 1063 omnino
694 1004 730 1062 et
753 997 955 1078 excogitata
980 997 1118 1074 facetia,
1131 1017 1226 1078 neura

168 1104 210 1159 ut
244 1116 336 1175 eum,
365 1117 468 1180 quem
496 1099 629 1176 oderat,
654 1098 746 1180 regis
767 1098 952 1163 Teutonici
978 1069 1281 1162 voearetiilldml'

169 1194 322 1276 idolum3
346 1199 438 1281 quod
462 1198 522 1262 ille
546 1199 704 1263 Mauritii
728 1199 899 1281 peritiam,
923 1204 997 1260 tum
1016 1197 1053 1260 in
1076 1197 1119 1260 li·

170 1297 255 1358 teris
278 1304 351 1361 tum
378 1300 416 1362 in
440 1299 600 1363 civilibus
622 1299 784 1380 negotiis,
805 1297 923 1379 magni
945 1303 1133 1380 pensaret.⁴

170 1395 260 1459 Erat
288 1390 347 1475 ¹is,
376 1405 416 1462 nt
446 1399 533 1476 dixi,
558 1399 782 1462 Bracarensis
810 1391 1118 1479 ²archiepiscopus‚

170 1515 251 1578 quae
276 1505 331 1560 est
352 1499 476 1562 civitas
502 1498 706 1581 Hispaniae3
730 1516 834 1579 quem
859 1497 1005 1561 multum
1025 1497 1119 1578 quis-

169 1595 254 1659 libet
272 1599 433 1675 revereri,
449 1605 485 1661 et
507 1617 596 1681 pene
616 1598 774 1675 adorare,
796 1616 860 1681 pro
877 1595 960 1662 viva
981 1615 1118 1678 magnae

168 1695 351 1760 industriae
370 1698 486 1780 specie
509 1698 696 1775 debuisset,
713 1698 781 1761 nisi
792 1704 865 1761 tam
880 1696 1013 1761 famoso
1032 1695 1118 1760 saci-

169 1815 255 1860 nore
281 1797 470 1862 enitescere
500 1798 690 1862 maluisset.
744 1796 821 1861 Nec
852 1797 942 1860 enim
972 1796 1119 1860 sanctis-

167 1895 293 1958 simam
324 1897 439 1960 sedem
468 1899 618 1960 nummis
645 1897 830 1961 nundinari
855 1897 1061 1973 dubitasset,
1088 1897 1118 1960 si

167 2001 244 2058 tam
272 1995 475 2078 desperatus
503 1997 716 2062 inveniretur
739 1997 899 2061 venditor
922 2013 1028 2077 quam
1051 2015 1118 2078 pa·

166 2100 269 2158 ratus
293 2103 370 2159 erat
383 2103 529 2180 emptor.
581 2096 672 2160 Tum
698 2102 815 2160 autem
837 2102 973 2178 captus,
990 2102 1025 2158 et
1047 2113 1119 2159 mo-

167 2193 303 2258 nachus
312 2194 439 2273 sactus,
453 2197 489 2259 in
501 2195 652 2260 Caveam
665 2189 949 2283 (³monasterium
963 2195 1054 2258 enim
1068 2195 1119 2258 ita

165 2291 316 2378 vocant)
331 2296 483 2361 directus
497 2303 562 2359 est.

219 2394 238 2476 §
252 2394 330 2458 435.
355 2395 532 2460 Processit
546 2394 692 2459 ulterius
709 2394 746 2457 in
763 2394 922 2475 augendo
937 2394 1028 2457 bono
1043 2393 1119 2456 lan·
1131 2409 1189 2450 state
1198 2409 1264 2449 ortuo

164 2492 292 2558 dabilis
314 2514 417 2578 papae
432 2495 702 2577 magnificentia,
719 2500 759 2557 ut
774 2493 871 2558 illam
889 2493 1061 2558 effraenem
1083 2500 1119 2558 et
1130 2461 1242 2552 ῗοῗιῖιῖῗοί

163 2594 358 2675 ingenitam
398 2596 636 2659 Romanorum
671 2594 895 2676 cupiditatem
931 2594 1117 2659 cohiberet.

166 2693 288 2757 Nullae
303 2695 413 2776 ipsius
426 2703 582 2777 ternpore
599 2694 776 2758 viantibus
789 2694 881 2756 circa
899 2693 1047 2757 Romam
1064 2693 1118 2756 in-

163 2794 278 2871 sidiae,
292 2794 397 2858 nullae
414 2796 534 2858 urbem
549 2794 716 2875 ingressis
729 2791 878 2875 injuriae.
914 2792 1120 2856 Oblationes

164 2894 260 2975 apud
276 2902 436 2958 sanctum
452 2894 596 2957 Petrum
613 2891 805 2978 (quasspro
831 2891 1026 2974 petulantia
1040 2910 1119 2974 pro-

164 3012 234 3076 que
251 2994 394 3057 libidine
417 3000 577 3077 potentes
590 2992 811 3074 diripiebant,
828 2991 1017 3055 anteriores
1035 3010 1119 3073 apo-

163 3094 322 3170 stolicoS,
339 3094 401 3175 qui
414 3093 471 3158 vel
494 3093 618 3156 mutire
641 3091 818 3167 auderent,
841 3091 992 3171 indignis
1011 3088 1119 3154 affici-

164 3201 265 3257 entes
299 3189 546 3276 contumeliis,)
573 3190 736 3254 Calixtus
765 3190 943 3255 revocavit
973 3189 1017 3253 ad
1047 3208 1118 3253 rne-

164 3293 277 3369 dium,
294 3293 429 3357 scilicet
451 3292 496 3355 ad
523 3290 726 3374 apostolicae
748 3289 841 3353 sedis
862 3289 1007 3353 rectoris
1030 3290 1118 3372 pub-

163 3392 274 3457 licum
288 3412 398 3455 usum.
453 3391 530 3456 Nec
544 3392 729 3473 quicquam
746 3389 783 3452 in
808 3388 884 3472 ejus
898 3396 1037 3470 pectore
1061 3408 1118 3470 pe-

164 3490 348 3555 cuniarum
372 3491 430 3555 vel
456 3490 692 3555 habendarum
715 3488 878 3565 ambitus>
904 3488 960 3551 vel
982 3487 1119 3551 habita·

163 3612 244 3655 rum
260 3610 370 3668 amor,
388 3591 526 3673 operari
546 3592 639 3655 bono
664 3588 853 3653 abhorrens
874 3587 1008 3669 potuit:
1033 3586 1120 3651 adeo

165 3700 206 3757 ut
219 3690 357 3772 Anglos
380 3690 583 3773 peregrinos
604 3688 717 3770 magis
740 3686 785 3751 ad
808 3692 968 3750 sanctum
982 3679 1119 3751 ⁴David

199 3918 208 3950 ¹
221 3914 276 3985 Ia]
288 3917 322 3967 A.
333 3920 363 3967 C.
373 3918 409 3965 D.
419 3918 451 3966 E.
460 3917 514 3967 Lu.
525 3932 533 3976 3
543 3916 595 3977 hic,
603 3916 632 3964 S.
658 3926 719 3962 near
741 3912 845 3961 Salerno
867 3924 921 3961 was
943 3909 1026 3961 called
1046 3910 1055 3937 ‘
1066 3908 1120 3957 The

198 3987 447 4050 'Arebiepiwopaa1
464 3987 498 4038 A.
509 3988 539 4036 C.
551 3986 587 4034 D.
598 3986 632 4033 E.
659 3983 736 4032 Den.'
771 3982 841 4031 Here
853 3996 920 4031 were
938 3982 1001 4041 kept
1016 3979 1120 4028 euchas

162 4062 239 4117 1123
256 4059 405 4119 epiecopus,
415 4056 444 4105 S.
658 4052 722 4100 from
738 4052 805 4099 their
822 4052 931 4099 conduct
949 4050 1000 4099 had
1018 4050 1120 4097 become

198 4128 401 4179 'Menedemum
411 4123 632 4185 mimilewa-aut]
658 4121 739 4170 either
755 4121 898 4181 dangerous
914 4134 942 4167 or
960 4118 1121 4169 scandalous.

163 4202 189 4249 E
197 4206 240 4259 1.;
258 4197 440 4246 monasterium
455 4198 493 4245 ita
506 4198 633 4253 vocatum,
659 4192 707 4240 See
719 4189 835 4239 Orderic.
846 4205 872 4250 p.
885 4192 941 4237 870,

163 4273 218 4329 D.;
235 4267 415 4317 monasterium
434 4266 473 4316 ita
488 4268 589 4323 vocant,
599 4260 632 4310 A.
695 4257 821 4323 ⁴Dooid.]
838 4258 871 4309 A.
893 4260 923 4308 C.
942 4257 976 4306 D.
997 4256 1029 4305 E.
1050 4254 1123 4315 La.;

163 4343 193 4393 S.
209 4342 240 4389 C.
253 4340 279 4387 Ε
286 4342 312 4387 ².
331 4338 387 4386 Μ.
399 4360 435 4371 -
444 4337 469 4385 Α
491 4338 634 4392 monastery
659 4331 765 4393 dictum,
777 4330 806 4379 S.
