3100 5050
163 529 232 577 nra.
252 513 325 597 rm]
454 532 629 581 ursroms
651 531 831 581 uovnuna.
1052 514 1118 580 769

165 690 426 775 wallengeford
438 699 514 757 tuto
523 710 672 756 manere.
697 690 777 755 Illic
792 709 876 773 ergo
890 689 1117 768 divertentes,

165 792 321 876 ejusdem
347 790 494 858 dominae
518 786 606 856 ¹suae
639 792 797 869 consilio,
819 790 903 872 quia
925 799 961 856 et
987 790 1116 855 milites

166 893 226 975 qui
243 912 285 957 ea
303 900 452 957 exeunte
469 899 719 969 remanserant,
736 891 882 956 castello
900 891 1047 969 reddito,
1061 891 1115 955 in-

167 991 308 1057 demnes
323 993 493 1071 abierant,
507 999 544 1056 et
560 992 672 1058 sancti
689 992 763 1057 dies
780 992 956 1075 quiescere
972 991 1028 1056 vel
1053 1010 1116 1074 pa-

166 1112 243 1156 rum
261 1093 502 1171 admonebant,
515 1093 607 1158 bello
629 1093 873 1158 abstinendum
892 1092 972 1170 rati,
990 1091 1035 1155 ad
1052 1110 1118 1155 sna

167 1193 295 1276 quique
309 1201 390 1258 sunt
406 1187 566 1260 'reversi

191 1385 364 1432 EXPLICIT
386 1384 495 1433 LIBER
518 1384 676 1432 TERTIUS
703 1383 876 1432 NOVELLAE
899 1381 1093 1430 HISTORIAE.

218 1719 301 1804 §Vb
316 1718 461 1784 Modum
475 1738 559 1783 sane
573 1716 787 1783 liberationis
799 1716 1028 1799 imperatricis
1038 1734 1115 1799 gra·
1127 1743 1259 1786 anema.

166 1826 284 1884 tanber
298 1840 518 1903 apponerem,
534 1820 565 1882 si
581 1838 644 1902 pro
659 1825 754 1882 certo
772 1826 987 1901 compertum
1009 1816 1114 1880 habe·

166 1938 251 1984 rem.
303 1920 368 1984 Est
383 1920 475 1984 enim
498 1918 639 1983 evidens
660 1918 728 1982 Dei
751 1918 967 1981 miraculum.
1021 1916 1114 1980 Illud

165 2021 252 2084 satis
277 2028 427 2098 constat,
450 2019 556 2103 quod,
582 2024 677 2082 metn
702 2011 941 2082 ³adventantis
966 2016 1114 2094 comitis,

165 2121 405 2185 obsessoribus
419 2119 578 2203 plurimis
593 2117 686 2202 apud
702 2117 914 2194 Oxendford,
933 2136 1002 2201 quo
1019 2116 1114 2198 quis-

164 2240 232 2303 que
256 2226 407 2303 poterat,
429 2218 586 2302 dilapsis,
611 2217 735 2300 reliqui
759 2217 911 2281 laxiores
937 2216 1113 2280 custodias

164 2327 201 2384 et
215 2320 427 2386 remissiores
453 2318 618 2383 excubias
635 2317 767 2398 fecere3
791 2317 916 2400 magle,
933 2316 963 2380 si
981 2316 1025 2380 ad
1042 2315 1115 2380 bel·

166 2419 236 2484 lum
254 2420 440 2498 veniretur,
455 2418 563 2483 saluti
584 2437 658 2482 suae
677 2415 829 2494 solliciti,
846 2436 950 2500 quam
968 2414 1114 2480 aliorum

164 2521 275 2587 exitio
292 2520 420 2586 infesti.
471 2511 562 2584 ⁴Sed
586 2517 661 2582 haec
685 2518 723 2582 in
742 2517 916 2583 volumine
943 2517 1114 2601 sequenti,

143 2629 145 2631 ’
166 2622 244 2686 Deo
258 2622 409 2699 volente,
425 2619 532 2685 latius
549 2618 788 2702 expedientur.

200 2852 209 2885 ¹
221 2853 302 2917 Sum]
323 2855 373 2916 Ε.;
391 2853 496 2903 omitted
513 2853 540 2901 in
551 2852 581 2903 S.
593 2852 629 2901 D.
653 2852 778 2909 sure,ina
787 2850 852 2900 later
862 2849 940 2911 hand,
951 2850 1002 2899 and
1010 2849 1117 2900 thesen-

166 2928 222 2978 Μ.
652 2926 725 2971 tence
735 2923 743 2950 ‘
752 2922 804 2971 Sed
860 2920 1044 2983 expedientur,'
1055 2935 1116 2982 sup-

200 3010 212 3041 ¹
219 3005 344 3079 Remi]
355 3008 409 3060 *nm
416 3008 485 3058 third
495 3008 562 3057 book
569 3021 629 3057 eon-
651 2992 732 3052 posed
741 2996 768 3040 to
778 2991 843 3041 have
861 2992 924 3040 been
940 2990 1039 3052 erased,
1056 2991 1116 3039 sub·

162 3083 253 3133 eludes
260 3082 353 3131 hersin
361 3081 394 3130 E.
401 3095 410 3141 ;
421 3079 465 3129 the
472 3078 544 3127 other
550 3078 626 3127 MSS.
647 3061 736 3123 I⁰i¹¹0d
747 3060 974 3121 ststef‘stcoellemss
996 3060 1025 3111 S·
1039 3061 1068 3110 C·
1079 3060 1115 3112 D·

163 3154 282 3203 continue
304 3151 347 3200 the
368 3150 441 3199 work
462 3153 489 3197 to
510 3148 553 3197 the
578 3146 628 3195 end
655 3132 688 3181 G·
701 3130 1009 3213 K2L²2NWQ¹¹³J⁸
1027 3131 1116 3213 sthop-

163 3223 274 3273 without
282 3220 458 3282 interruption.
652 3202 753 3262 Pldflffl
768 3200 952 3261 fflfflstdvems
968 3204 1115 3261 mmm

197 3321 210 3355 ι
227 3320 420 3383 Momm]
448 3322 497 3369 E·
524 3318 628 3369 adveni.
651 3286 711 3320 eum
726 3270 788 3320 solis
804 3274 913 3332 quatuor
929 3269 1052 3320 militibus
1070 3286 1116 3332 per

163 3392 398 3457 arrasam.
488 3355 497 3382 '
651 3342 1116 3473 ffioefflfffifssssffiffiffl

199 3487 273 3538 ⁴Sed
280 3488 331 3537 hoec
341 3487 369 3536 is
378 3484 497 3535 volamine
510 3482 628 3546 aequati,
651 3481 704 3531 lere
721 3494 829 3541 semper,
838 3480 977 3529 necessitas
996 3482 1022 3527 et
1036 3494 1116 3529 mme-

163 3560 218 3609 Deo
236 3560 338 3619 solerte,
356 3556 432 3605 letias
446 3553 627 3618 eapeds'eaturq
652 3551 723 3600 dium
733 3550 861 3612 excogitet
872 3553 897 3597 et
907 3549 1041 3598 audaciam
1054 3550 1114 3599 sub·

162 3631 225 3680 El.
262 3630 318 3677 Ea.
336 3638 446 3688 appears
467 3623 584 3672 likewiss
601 3627 628 3671 to
651 3621 787 3683 ministrat,
820 3619 884 3681 pede
917 3618 1112 3668 Abbenduniam

161 3700 227 3749 have
245 3698 327 3748 ended
345 3696 406 3745 here
423 3693 567 3756 originally,
584 3691 627 3741 the
652 3691 774 3752 prolecta,
796 3688 855 3737 hinc
883 3687 917 3736 ad
939 3688 1114 3751 walingeford

161 3768 308 3833 paragraph
326 3766 405 3817 ‘Qua
426 3779 454 3814 re
477 3798 485 3813 .
506 3798 513 3814 .
532 3797 539 3813 .
556 3776 628 3810 acce·
651 3775 717 3822 equo
728 3761 906 3809 subvectaest.
943 3758 1010 3808 Qua
1029 3764 1113 3808 tauron

162 3839 243 3902 pero,'
259 3836 345 3887 which
366 3836 393 3883 in
411 3834 467 3883 that
489 3831 547 3881 MS.
570 3846 627 3880 now
651 3830 729 3880 latius
739 3829 859 3891 persequi
869 3827 918 3877 fert
926 3829 1026 3877 animus
1034 3828 1056 3877 si
1067 3843 1114 3876 nn-
1168 3886 1171 3891 Ι

160 3910 261 3959 follows
272 3908 315 3957 the
321 3905 407 3955 words
417 3903 512 3953 ‘exitio
523 3900 628 3965 infesti,'
651 3915 737 3961 quam,
747 3900 824 3949 dante
840 3898 906 3961 Deo,
917 3898 950 3946 ab
962 3897 1001 3946 his
1014 3898 1059 3959 qui
1075 3898 1113 3947 in·

160 3980 239 4042 being
249 3978 334 4041 partly
343 3976 445 4027 written
458 3987 519 4023 over
528 3986 562 4021 an
573 3985 628 4021 era·
651 3969 760 4020 terfuere
771 3968 901 4019 veritatem
912 3966 1051 4030 accepero!
