3100 5050
181 509 253 558 ara.
271 493 324 575 v.]
415 511 530 562 cnara
553 514 682 564 aucun
704 515 919 567 anonoauu.
1070 508 1136 574 627
1229 574 1233 580 ,

181 661 313 736 ¹edicto
328 674 560 755 compascuit3
584 675 805 758 deprehensis
821 675 940 740 oculos
955 695 1033 740 cum
1051 670 1134 742 ²tes-

179 770 275 835 tibus
291 772 394 858 evelli
407 775 625 857 praecipiens.
671 775 804 841 Contra
818 783 1015 858 trapezetas
1030 769 1133 862 (qnos

179 871 289 954 vulgo
324 875 536 938 monetarios
557 873 702 961 vocant)
731 874 945 959 praecipuam
974 876 1030 940 sui
1054 878 1132 942 dili·

180 973 337 1053 gentiam
361 973 540 1055 exhibuit3
564 976 698 1040 nullum
719 974 912 1052 falsarium,
934 976 1019 1059 quin
1043 997 1132 1060 pug-

180 1090 265 1134 num
288 1072 458 1155 perderet,
477 1074 618 1158 impune
640 1076 736 1139 abire
759 1076 973 1159 permittens,
996 1078 1057 1158 qui
1077 1077 1132 1141 fu·

178 1171 268 1236 isset
283 1173 482 1238 intellectus
505 1173 669 1240 salsitatis
686 1194 761 1239 suae
782 1175 988 1242 commercio
1015 1176 1132 1242 fatuos

178 1270 343 1336 irrisisse.

233 1370 343 1454 §⁴10st
366 1373 563 1439 Scottorum
582 1391 684 1455 reges
707 1373 851 1439 lenitate
874 1393 939 1439 sua
960 1373 1131 1456 palpavit,
1142 1401 1185 1441 nu
1193 1404 1262 1442 sne·-

177 1488 312 1534 morem
342 1471 460 1538 fratris
487 1473 694 1538 aemulatus:
727 1474 897 1557 siquidem
924 1473 983 1538 ille
1010 1451 1295 1543 Duae-Sititllh.

176 1589 318 1649 canum,
336 1572 446 1637 filium
460 1573 640 1638 Malcolmi
656 1573 814 1652 nothum,
829 1582 865 1640 et
874 1573 1020 1638 militem
1035 1573 1130 1654 fecit,

176 1676 215 1734 et
249 1690 367 1753 regem
405 1674 603 1738 Scottorum
632 1681 769 1738 mortuo
799 1681 900 1757 patre
927 1674 1264 1756 constituit3nn.1on.

177 1770 242 1834 sed
264 1791 306 1835 eo
328 1773 445 1854 patrui
469 1773 668 1838 Duvenaldi
689 1771 811 1838 fraude
841 1774 1035 1852 interemto,
1058 1774 1264 1841 Edessa.

176 1889 305 1952 garum
330 1873 368 1937 in
388 1892 535 1957 regnum
554 1873 741 1955 promovit,
757 1873 905 1956 praefato
922 1874 1129 1940 Dnvenaldo
1141 1902 1263 1943 aaran

175 1971 312 2035 astutia
344 1972 461 2038 David
486 1972 637 2058 Jnnioris
668 1980 704 2036 et
729 1973 861 2038 viribus
876 1974 1044 2040 Willelmi
1069 1994 1131 2038 ex-

175 2069 301 2135 tincto.
353 2072 493 2156 Edgaro
519 2071 620 2136 fatali
645 2079 739 2137 sorte
762 2075 999 2150 occumbente,
1018 2072 1263 2142 Alex-annm.

174 2170 324 2234 andrum
338 2191 573 2238 successorem
589 2170 765 2236 Henricns
785 2171 952 2237 affinitate
969 2173 1130 2251 detinuit,

174 2269 263 2334 data
276 2271 310 2336 ei
321 2272 358 2335 in
373 2272 576 2358 conjuginm
589 2271 663 2336 filia
677 2272 786 2337 notha
799 2293 808 2353 3
832 2273 875 2336 de
888 2292 960 2355 qua
973 2272 1033 2336 ille
1047 2273 1130 2338 viva

175 2389 243 2433 nec
260 2371 426 2452 sobolem,
441 2372 534 2455 quod
549 2371 670 2448 sciam,
685 2371 778 2450 tulit,
793 2391 857 2436 nec
873 2378 955 2436 ante
977 2391 1015 2436 se
1037 2392 1130 2437 mor·

174 2476 276 2535 tuam
291 2471 440 2537 multum
453 2472 663 2556 suspiravit:
688 2470 845 2537 defuerat
860 2471 951 2538 enim
966 2470 1129 2551 foeminae,

174 2577 217 2635 ut
231 2569 355 2650 fertur,
369 2572 462 2655 quod
481 2571 747 2649 desideraretur,
761 2573 818 2637 vel
840 2572 876 2637 in
898 2590 1032 2637 morum
1054 2592 1130 2638 mo·

173 2669 305 2749 dastia,
319 2672 376 2736 vel
392 2673 429 2736 in
444 2672 599 2757 corporis
616 2672 800 2754 elegantia.
836 2669 1041 2737 Alexandro
1054 2692 1128 2737 ma·
1141 2699 1196 2741 an.
1207 2701 1263 2740 nn.

168 2768 312 2853 juribus
324 2772 396 2835 suis
412 2772 585 2855 apposito,
603 2764 1020 2836 David³minorfi1i0rum
1036 2771 1128 2837 Mal·

172 2868 293 2947 colmi,
308 2891 411 2954 quem
432 2889 497 2935 rex
514 2870 674 2935 comitem
691 2870 821 2936 lecerat
837 2878 872 2935 et
887 2871 1059 2935 connubio
1074 2873 1128 2935 in·

172 2969 287 3051 signis
306 2970 459 3035 foeminae
481 2970 684 3048 donaverat,
706 2970 832 3035 solium
854 2969 1051 3035 Scottorum
1073 2990 1129 3035 as-

172 3069 314 3134 cendit:
333 3070 477 3154 juvenis
497 3071 634 3136 oaeteris
655 3070 830 3147 curialior,
849 3077 884 3136 et
899 3071 972 3154 qui,
994 3078 1130 3135 nostru-

171 3188 253 3233 rum
279 3169 443 3235 convictu
469 3178 504 3235 et
530 3170 766 3236 familiaritate
795 3170 935 3235 limatus
961 3189 983 3233 a
1007 3190 1127 3252 puero,

171 3288 313 3334 omnem
327 3269 521 3353 rubiginem
544 3269 706 3335 Scotticae
728 3269 899 3333 barbariei
915 3270 1126 3351 deterserat3

170 3368 325 3453 denique
348 3389 457 3453 regno
481 3370 615 3459 potitus
636 3388 719 3433 mox
735 3388 856 3433 omnes
880 3370 1127 3451 compatriotas

169 3468 398 3533 triennalium
409 3463 636 3535 *tributorum
651 3467 816 3551 pensione
829 3468 971 3546 levavit,
986 3468 1046 3551 qui
1054 3470 1128 3534 vel·

170 3568 247 3633 lent
277 3568 435 3635 habitare
463 3570 604 3648 cultius,
635 3568 766 3632 amiciri
794 3568 1001 3651 elegantius
1030 3568 1128 3651 pasci

168 3669 385 3735 accuratius.
438 3668 564 3752 Neque
581 3688 664 3734 vero
683 3686 836 3751 unquam
857 3668 895 3731 in
916 3675 996 3732 aeta
1017 3668 1127 3732 histo-

167 4070 640 4135 tlreFrrstlrurelatelybeenre·
732 4073 740 4102 ’
820 4076 826 4091 ‘

700 4107 827 4169 ’Minor.]
856 4112 886 4160 C.
904 4111 940 4160 D.
960 4111 1011 4171 E.;
1030 4110 1127 4173 junior,

665 4176 900 4312 A'afflummd
910 4247 944 4300 A.
952 4249 981 4300 S.
989 4250 1024 4299 D.
1036 4249 1068 4299 Ε.
1078 4248 1108 4299 1..
1116 4263 1126 4311 3

666 4318 817 4381 cubitorum,
830 4320 860 4369 C.

167 4140 274 4204 printed
282 4141 308 4189 in
315 4139 359 4190 the
369 4141 494 4191 ‘Aneient
503 4143 578 4192 Laws
589 4143 640 4192 and

169 4210 309 4260 Institutas
320 4209 350 4259 oi
358 4211 495 4275 England,¹
504 4213 589 4263 under
597 4211 640 4262 the

168 4281 231 4332 able
242 4280 383 4344 editorslrip
394 4281 424 4331 oi
432 4282 484 4334 Mr.
494 4282 604 4346 Thorpe.
