3100 5050
422 505 490 572 eto
643 521 758 570 onera
782 519 909 570 aucun
933 518 1145 568 nneuoaun.
1236 503 1321 587 [mn.
1339 519 1372 567 v.

425 677 519 762 quod
543 697 733 761 nunquam,
750 685 936 762 postquam
954 677 1193 742 monachicum
1218 677 1374 742 habitum

426 779 628 862 accepisset,
652 798 674 842 a
697 777 924 861 completorio
947 779 1068 843 exiens
1103 797 1212 862 usque
1244 779 1289 843 ad
1321 798 1375 842 se-

427 879 565 962 quentis
596 879 665 944 diei
688 878 836 960 primam
867 879 1005 943 locutus
1036 878 1170 943 suisset.
1222 877 1375 942 Sabbato

428 986 546 1043 autem
571 985 738 1061 sequente
764 978 847 1041 dum
877 979 928 1041 ita
951 984 1139 1061 quassatus
1171 997 1208 1040 se
1234 984 1377 1061 putaret

423 1079 500 1164 jam
521 1078 665 1162 jamque
695 1077 851 1160 defungi,
881 1084 1064 1160 surgentes
1093 1077 1138 1142 ad
1167 1078 1373 1141 matutinam

429 1178 590 1262 synaxim
616 1178 741 1241 fratres
763 1177 807 1241 ad
831 1197 869 1241 se
890 1177 1126 1260 inungendum
1144 1179 1263 1241 venire
1284 1197 1375 1259 prae·

429 1279 543 1361 cepit3
569 1296 749 1361 quoscum
764 1277 929 1341 inunctus
944 1297 990 1341 ex
1004 1297 1098 1342 more
1114 1277 1263 1341 osculari
1276 1277 1375 1342 volu-

429 1379 525 1455 isset,
552 1377 659 1441 nimio
690 1396 809 1440 eorum
841 1377 1038 1460 compulsus
1069 1395 1197 1454 amore,
1226 1397 1296 1441 non
1319 1377 1375 1460 ja-

429 1477 550 1555 cendo,
580 1497 644 1541 nec
673 1476 837 1554 sedendo,
866 1478 939 1554 sed,
973 1478 1131 1560 quamvis
1157 1476 1201 1540 ad
1231 1484 1376 1541 mortem

429 1579 607 1655 anxiatus,
621 1577 711 1640 inter
724 1576 867 1640 brachia
888 1583 1103 1642 sustentatus
1127 1575 1252 1642 stando
1275 1596 1375 1641 oscu-

430 1679 523 1741 latus
540 1683 605 1741 est.
657 1677 724 1741 Dic
741 1677 963 1740 illucescente
979 1677 1016 1739 in
1034 1677 1224 1760 capitulum
1238 1677 1375 1752 ductus,

430 1796 508 1841 cum
535 1777 694 1854 sedisset,
724 1775 850 1840 fratres
872 1783 953 1840 ante
975 1795 1013 1840 se
1038 1796 1156 1842 omnes
1179 1777 1298 1840 venire
1325 1797 1377 1840 ro·

431 1877 551 1959 gavit3
577 1877 704 1958 quibus
720 1883 901 1958 paternam
921 1876 1196 1941 benedictionem
1219 1884 1255 1940 et
1276 1878 1377 1940 abso·

431 1976 598 2040 lutionem
618 1976 830 2059 impertiens,
852 1975 944 2040 idem
970 1977 1036 2040 sibi
1060 1977 1104 2040 ab
1125 1976 1168 2040 iis
1182 1974 1295 2042 voluit
1316 1977 1378 2039 im-

431 2077 563 2160 pertiri.
615 2076 746 2140 Postea
767 2075 885 2141 docuit
900 2075 995 2158 quid,
1020 2077 1051 2141 si
1071 2077 1194 2154 obiret,
1213 2075 1263 2140 eis
1287 2083 1377 2141 esset

432 2175 617 2260 agendum.
669 2175 795 2259 Sicque
821 2194 999 2257 regressus
1028 2182 1082 2240 est
1108 2177 1200 2240 unde
1223 2184 1377 2253 venerat,

432 2277 603 2358 reliquum
628 2275 696 2340 diei
718 2295 795 2339 cum
819 2276 976 2359 sequenti
991 2275 1175 2341 Dominica
1200 2276 1377 2358 aliquanto

432 2377 584 2460 quietius
599 2377 814 2458 transigens:
839 2395 917 2440 cum
942 2395 1021 2440 ecce
1040 2382 1121 2459 post
1143 2376 1230 2452 haec,
1255 2375 1291 2439 id
1314 2383 1377 2452 est,

432 2483 514 2561 post
537 2476 768 2555 Dominicam,
790 2475 1001 2541 imminentis
1028 2476 1149 2541 mortis
1170 2475 1299 2540 indicia
1320 2475 1378 2541 de-

430 2577 714 2660 prehenduntur3
749 2584 786 2641 et
817 2578 892 2660 ipse
924 2576 1083 2641 manibus
1117 2576 1258 2653 ablutis,
1291 2597 1380 2660 pexo

432 2678 559 2759 capite,
589 2678 730 2741 missam
753 2676 935 2741 auditurus
962 2678 1150 2741 oratorium
1176 2676 1381 2758 ingreditur,

432 2783 640 2859 sumptoque
665 2795 809 2859 corpore
835 2783 871 2840 et
893 2778 1063 2859 sanguine
1079 2777 1220 2842 Domini
1246 2775 1291 2839 ad
1311 2778 1380 2841 lec-

432 2886 507 2943 tum
537 2894 716 2958 regressus
743 2884 809 2940 est.
871 2874 959 2939 Post
985 2876 1157 2941 modicum
1187 2878 1380 2942 obmutuit:

432 2978 558 3043 fratres
570 2983 652 3040 ante
661 2976 759 3039 illum
768 2976 948 3040 venientes
959 2976 1136 3059 sigillatim
1145 2976 1383 3055 benedicebat,

433 3078 538 3142 simili
551 3076 653 3141 modo
668 3083 779 3141 totum
794 3082 1023 3156 couventum3
1052 3083 1090 3140 at
1105 3096 1201 3154 vero,
1221 3078 1331 3141 oculis
1347 3078 1383 3140 in

434 3178 561 3243 coelum
579 3177 716 3253 erectis,
739 3182 888 3257 utraque
902 3194 1008 3239 manu
1027 3176 1200 3241 dominum
1225 3178 1385 3241 abbatem

434 3297 513 3341 cum
527 3278 686 3341 omuibus
702 3276 768 3339 sibi
782 3276 973 3340 commissis
985 3276 1186 3341 benedicere
1199 3277 1385 3342 nitebatur.

437 3378 599 3459 Rogatus
623 3382 739 3440 autem
765 3396 789 3439 a
810 3370 976 3440 fratribus
999 3384 1040 3441 ut
1065 3376 1157 3460 apud
1184 3377 1312 3454 Deum,
1341 3375 1385 3441 ad

436 3497 538 3561 quem
553 3478 639 3554 ibat,
657 3495 775 3541 eorum
793 3496 924 3541 memor
936 3470 1174 3559 esset,¹caput
1186 3476 1386 3541 inclinando

436 3576 681 3661 benignissime
695 3575 882 3658 acquievit.
935 3576 1024 3641 Haec
1042 3583 1077 3641 et
1092 3575 1147 3640 his
1161 3576 1288 3641 similia
1308 3596 1386 3640 cum

437 3677 588 3754 fecisset,
601 3676 715 3739 innuit
729 3676 795 3738 sibi
816 3677 946 3759 porrigi
963 3695 1121 3756 crucem3
1139 3696 1243 3760 quarn
1258 3678 1387 3759 capite,

438 3776 508 3841 imo
525 3782 599 3841 toto
615 3794 758 3858 corpore
774 3774 941 3840 inclinato
956 3777 1118 3854 adorans,
1133 3776 1292 3841 manibus
1315 3796 1389 3841 am-

439 3876 599 3960 plexans,
621 3875 704 3940 laeto
726 3894 787 3939 ore
809 3874 961 3941 salutare
976 3876 1159 3942 videbatur
1180 3882 1216 3941 et
1232 3876 1388 3961 jocundo

440 3970 581 4041 ²affectu
604 3975 894 4056 deosculabatur3
918 3994 995 4040 cum
1023 3976 1118 4041 illico
1145 3983 1302 4057 astantes
1325 3978 1388 4041 mi-

475 4242 600 4311 ’σφω
627 4247 662 4299 Α.
681 4249 711 4297 0.
728 4245 764 4295 D.
785 4247 817 4295 Ε.
834 4246 903 4307 L2.;
963 4244 1106 4311 'Affeeta.]
1119 4246 1152 4296 A.
1165 4247 1194 4297 S.
1206 4248 1390 4309 L2.;on1itted

440 4317 534 4380 capite,
544 4317 573 4367 S.
928 4318 955 4365 in
968 4318 998 4367 G.
1010 4316 1046 4369 b.
1058 4318 1090 4368 E.
