3100 5050
177 496 247 543 ure.
265 479 337 561 uu]
412 495 525 543 GESTA
550 495 676 543 anouu
702 495 916 544 iuouoauu.
1067 479 1146 544 469.

177 671 341 717 numerus
358 652 581 717 bestiolarum
606 658 646 715 ut
666 652 702 714 in
716 652 907 733 quamlibet
920 653 1036 735 ampla
1051 673 1132 736 pro·

177 753 295 817 vincia
310 758 364 816 tot
381 768 541 823 essenon
559 758 774 835 putarentur.
828 751 953 835 Itaque
969 752 1130 831 fustibus,

177 859 213 917 et
226 852 468 916 subselliorum
483 871 562 934 quae
578 851 621 915 ad
637 871 777 915 manum
790 854 1021 917 occurrissent
1037 852 1129 936 srag-

177 952 339 1028 minibus,
354 951 412 1014 diu
428 951 464 1015 in
484 970 544 1015 eas
567 951 740 1028 saevitum,
760 953 1026 1036 necquicquam
1047 973 1128 1035 pro-

176 1054 326 1131 sectum3
350 1057 386 1114 et
399 1052 557 1133 quamvis
572 1070 594 1113 a
611 1052 744 1117 cunctis
767 1052 1027 1133 repellerentur,
1042 1054 1129 1117 nulli

177 1160 295 1217 tamen
320 1170 450 1215 noxam
466 1150 630 1215 vicariam
654 1150 870 1231 referebant3
894 1152 992 1216 illum
1017 1153 1129 1217 solum

177 1253 353 1328 dentibus
378 1252 476 1315 illum
501 1250 645 1315 terribili
670 1250 820 1333 quodam
847 1259 993 1316 occentu
1015 1272 1132 1335 perse·

177 1353 384 1435 quebantur.
438 1350 661 1434 Quapropter
682 1370 704 1414 a
728 1349 868 1415 famulis
888 1352 1129 1435 ultrajectum

177 1453 320 1535 sagittae
335 1452 372 1515 in
387 1449 533 1533 pelagus
551 1457 750 1532 provectus,
773 1470 838 1514 nec
862 1452 912 1514 sic
927 1452 1130 1516 violentiam

177 1552 311 1631 evasit;
339 1548 505 1615 continuo
529 1549 619 1613 euim
647 1557 747 1615 tanta
771 1551 824 1614 vis
848 1552 998 1614 murium
1022 1558 1129 1634 ponto

177 1650 362 1715 inundavit
381 1656 421 1713 ut
442 1668 592 1713 marmor
616 1649 725 1732 paleis
748 1657 963 1714 constratum
979 1651 1129 1735 jurares.

177 1752 245 1815 Sed
261 1770 341 1815 cum
352 1750 427 1834 jam
444 1749 603 1814 tabulata
625 1750 725 1814 navis
741 1750 974 1827 corroderent,
991 1758 1027 1815 et
1043 1770 1131 1815 nau-

177 1850 331 1933 fragium
358 1848 591 1913 indubitatum
625 1868 718 1932 aqua
750 1869 814 1932 per
842 1848 984 1913 rimulas
1016 1851 1132 1933 ingre·

178 1951 277 2015 diens
292 1950 493 2026 minaretur,
507 1949 697 2013 servientes
716 1968 870 2031 puppem
891 1949 935 2013 ad
956 1950 1056 2015 littus
1077 1971 1133 2015 re-

179 2056 357 2134 torquent.
408 2048 498 2113 Tum
532 2068 614 2113 vero
647 2048 824 2127 animalia,
847 2048 953 2132 juxta
980 2050 1133 2113 carinam

181 2149 444 2232 annavigantia,
469 2148 587 2231 priora
613 2148 658 2211 ad
681 2155 809 2212 terram
833 2149 1060 2230 perveniunt3
1082 2151 1134 2214 ita

158 2252 161 2258 ’
181 2250 286 2315 miser
299 2249 359 2313 ille
378 2248 415 2311 in
439 2247 570 2313 aridam
592 2248 783 2331 expositus,
806 2268 957 2331 moxque
973 2256 1069 2315 totus
1082 2250 1134 2313 di-

178 2350 368 2427 laceratus
382 2348 587 2414 horrendam
601 2349 749 2412 murium
764 2348 891 2416 famem
905 2349 1073 2431 explevit.

212 2543 312 2602 QUOD
337 2542 439 2601 QUEM
467 2527 681 2591 LEOPARDUS
706 2540 1111 2592 Moumousmloualu

462 2641 586 2689 MURES
610 2642 865 2691 COMMlNGAN'l'.

236 2749 253 2832 ξ
279 2749 358 2814 291.
388 2748 473 2814 Ideo
502 2750 617 2814 minus
646 2749 712 2814 hoc
738 2751 864 2814 mirum
889 2748 1022 2833 judico,
1056 2751 1139 2834 quia
1152 2770 1245 2810 rutae

185 2857 319 2914 certum
344 2858 399 2913 est
422 2850 459 2912 in
484 2847 651 2914 Asiaticis
676 2851 874 2930 regionibus
899 2850 931 2912 si
955 2849 1139 2934 leopardus
1150 2820 1233 2870 md*

187 2948 338 3032 aliquem
374 2948 546 3013 mordicus
581 2949 749 3032 attigerit,
780 2949 962 3014 confestim
990 2951 1139 3013 murium

187 3048 324 3131 copiam
353 3047 554 3126 adventare,
583 3055 622 3113 ut
645 3050 865 3113 vulneratum
892 3049 1138 3132 commingant,

185 3146 401 3211 immundum
415 3148 525 3212 urinae
544 3148 713 3212 diluvium
734 3149 891 3213 comitari
907 3148 1057 3213 hominis
1077 3170 1139 3214 ex·
1232 3223 1234 3227 ,

185 3248 306 3326 itium3
325 3247 381 3310 sin
396 3267 479 3311 vero
495 3247 680 3311 sedulitate
697 3249 889 3325 arcentium
905 3249 1140 3314 ministrorum

186 3347 279 3411 intra
295 3365 421 3410 novem
437 3346 509 3410 dies
526 3347 638 3411 vitata
654 3346 758 3410 suerit
781 3347 962 3428 pernicies,
978 3348 1141 3414 advocari
1190 3383 1194 3389 ·

186 3446 397 3509 medicorum
412 3445 618 3510 industriam
632 3445 996 3528 profectovalituram.
1046 3447 1140 3510 Con·

187 3547 343 3628 spicatus
359 3551 413 3608 est
429 3545 559 3609 relator
573 3563 671 3608 meus
687 3544 860 3627 quendam
875 3543 1044 3627 ejusmodi
1059 3565 1141 3609 sau·

185 3645 292 3722 cium,
308 3664 386 3708 cum
403 3644 602 3727 desperaret
621 3645 658 3707 in
677 3651 772 3708 terra
795 3643 955 3721 salutem,
971 3644 1008 3707 in
1031 3643 1142 3709 altum

184 3744 293 3828 jactis
305 3742 466 3808 anchoris
479 3743 708 3827 processisse3
731 3763 795 3807 nec
808 3762 917 3820 mora,
931 3736 940 3774 ¹
948 3743 1064 3826 plures
1081 3742 1143 3810 illo

188 3863 304 3910 mures
331 3862 492 3920 annasse,
518 3843 703 3908 corticibus
728 3841 896 3907 malorum
918 3849 1143 3925 granatorum

189 3962 338 4027 quorum
372 3943 540 4008 medullas
571 3942 760 4006 exederant
790 3943 955 4020 inclusos,
987 3943 1144 4006 mirabile

189 4043 296 4121 dictu,
314 4041 375 4106 sed
389 4043 670 4126 obstrepentibus
684 4043 801 4106 nautis
816 4041 998 4106 demersos.
1046 4040 1145 4106 Nihil

225 4281 234 4312 ¹
247 4283 338 4333 Plures
349 4281 413 4345 illa]
433 4283 464 4332 G.
477 4281 512 4332 D.
524 4283 574 4343 Ε.;
585 4281 721 4343 plusquam
732 4281 812 4345 mille,
820 4281 865 4342 S.;
877 4280 936 4342 plus
945 4282 1025 4421 grillo,
1034 4283 1108 4333 M.

982 4374 994 4422 1
