3100 5050
155 493 312 576 mann]
391 505 504 557 essm
528 509 654 558 aucun
679 509 892 558 succensu.
1043 492 1114 558 41⁷

210 665 323 748 §Ma
348 666 417 730 Illa
439 666 506 731 fuit
520 667 594 730 dies
617 666 733 730 fatalis
751 659 920 748 ¹Angliae,
935 665 1110 730 funestum
1122 689 1272 729 nnuman

160 759 334 829 excidium
351 767 462 831 dulcis
478 769 613 850 patriae,
630 786 694 849 pro
710 785 879 830 novorum
895 767 1111 830 dominorum
1122 743 1264 841 diligiti.
1287 852 1297 857 -

161 867 441 930 commutatione.
495 867 518 930 J
521 886 575 930 am
598 867 687 930 enim
711 865 843 949 pridem
864 866 1017 930 moribus
1035 863 1111 930 An-

161 964 298 1046 glorum
320 967 531 1044 insueverat,
554 967 614 1050 qui
630 967 718 1030 varii
740 966 926 1030 admodum
942 986 1005 1048 pro
1027 973 1112 1030 tem·

160 1065 303 1146 poribus
329 1065 444 1130 fuere:
469 1085 563 1145 nam,
579 1067 699 1147 primis
724 1067 894 1130 adventus
919 1066 975 1130 sui
998 1067 1110 1144 annis,

160 1163 261 1228 vultu
279 1173 315 1229 et
332 1173 434 1246 gestu
458 1167 652 1243 barbarice,
675 1185 741 1229 usu
762 1166 897 1242 bellico,
920 1166 991 1229 ritu
1011 1166 1110 1230 sana-

160 1265 231 1327 tieo
247 1265 435 1346 vivebant3
461 1267 522 1329 sed
545 1265 775 1348 postmodum,
793 1265 924 1330 Christi
944 1264 1012 1328 lide
1033 1285 1111 1329 sus-

159 1371 275 1446 cepta,
292 1365 460 1446 paulatim
484 1372 520 1430 et
544 1386 607 1448 per
626 1367 839 1430 incrementa
854 1366 1032 1447 temporis,
1047 1385 1110 1447 pro
1152 1386 1155 1391 ·

161 1465 233 1528 otio
247 1465 341 1547 quod
358 1466 562 1543 actitabant,
579 1466 784 1529 exercitium
801 1485 975 1529 armorum
997 1466 1033 1526 in
1055 1485 1109 1529 se-

160 1565 283 1627 cundis
300 1572 482 1647 portentae,
496 1585 632 1631 omnem
651 1566 688 1628 in
710 1564 877 1646 religione
893 1584 1033 1648 operam
1055 1566 1109 1628 in-

159 1682 350 1746 sumpsere.
406 1664 522 1729 Taceo
554 1665 597 1729 de
628 1666 851 1748 pauperibus,
881 1685 969 1749 qnos
1000 1663 1110 1728 somu-

160 1782 283 1826 narum
299 1765 451 1829 tenuitas
472 1765 675 1848 plerumque
692 1766 847 1829 eontinet
871 1784 915 1828 ne
938 1764 1109 1829 cancellos

155 1863 307 1948 justitiae
332 1864 649 1946 transgrediantur:
683 1864 912 1947 praetermitto
939 1863 1109 1945 graduum

161 1964 477 2028 ecclesiasticorum
502 1965 608 2042 viros
630 1984 718 2047 quos
750 1983 998 2046 nonnunquam
1028 1984 1109 2046 pro-

160 2062 324 2128 fessionis
336 2048 524 2142 contuitus,
542 2065 603 2128 sed
624 2071 661 2129 et
679 2063 830 2128 insamiae
845 2070 970 2140 metus,
987 2082 1009 2127 a
1025 2083 1112 2130 vero.

160 2163 302 2229 deviare
316 2183 387 2227 non
402 2163 496 2228 sinit.
549 2165 604 2228 De
620 2164 760 2246 regibus
776 2163 866 2241 dico,
878 2163 938 2245 qui
952 2183 1016 2245 pro
1035 2182 1110 2227 am*

158 2263 331 2345 plitudine
361 2265 546 2346 potestatis
573 2264 719 2329 licenter
740 2263 920 2346 indulgere
947 2263 1112 2345 volupta÷

161 2364 255 2428 tibus
268 2370 433 2446 possent:
458 2383 603 2446 quorum
619 2364 759 2446 quidam
776 2365 814 2426 in
829 2363 954 2447 patria,
967 2363 1109 2446 quidam

160 2463 299 2541 Romae,
317 2470 451 2528 mutate
474 2463 606 2542 habitu,
620 2464 760 2529 coeleste
782 2463 908 2529 lucrati
925 2471 1007 2529 sunt
1028 2484 1108 2547 reg·

161 2584 256 2641 num,
282 2566 423 2628 beatum
448 2564 542 2628 nacti
566 2566 826 2644 commercium
858 2564 970 2641 multi,
994 2565 1109 2645 speeie

161 2670 274 2740 tenus,
300 2671 376 2728 tota
390 2665 464 2728 vita
491 2664 654 2727 mundum
678 2665 842 2747 amplexi,
865 2671 904 2728 ut
927 2663 1111 2728 thesauros.
1167 2692 1170 2699 ·

159 2764 277 2845 egenis
293 2764 518 2841 effunderent,
535 2764 752 2828 monasteriis
764 2763 969 2829 dividerent.
1014 2761 1109 2841 Quid

159 2863 273 2929 dicam
308 2862 351 2927 de
388 2871 441 2928 tot
469 2864 652 2946 episcopis,
680 2863 867 2941 heremitiS,
900 2864 1107 2927 abbatibus?

161 2983 276 3027 nonne
310 2970 386 3027 tota
415 2964 530 3027 insula
560 2965 668 3028 tantis
691 2964 846 3047 reliquiis
870 2963 1109 3045 indigenarum

161 3062 329 3145 fulgurat,
351 3069 391 3127 ut
406 3064 468 3127 vix
486 3064 635 3145 aliquem
649 3064 763 3128 vicum
778 3064 950 3145 insignem
966 3070 1109 3145 praeter·
1124 3124 1126 3126 ,

161 3182 220 3227 eas
250 3164 311 3226 ubi
336 3163 418 3227 novi
445 3164 558 3227 sancti
581 3184 706 3227 nomen
734 3182 804 3227 non
832 3164 977 3227 audiasi
1004 3182 1109 3246 quam
1210 3228 1213 3233 ,

161 3264 348 3327 multorum
371 3264 475 3327 etiam
499 3262 600 3346 periit
621 3264 798 3340 memoria,
819 3283 883 3346 pro
903 3251 1109 3345 scriptorum

160 3358 300 3446 inopia!
347 3362 585 3427 Veruntamen
600 3363 778 3427 literarum
792 3370 828 3427 et
843 3362 1018 3444 religionis
1035 3370 1109 3427 stus

161 3463 218 3526 dia
247 3470 352 3527 aetate
377 3463 585 3545 procedente
614 3462 869 3539 obsoleverunt,
897 3483 966 3526 non
989 3464 1109 3544 paucis

161 3570 241 3627 ante
272 3564 460 3626 adventum
494 3562 774 3627 Normannorum
800 3562 912 3626 annis.
964 3556 1108 3627 ²Clerici

161 3662 341 3737 literatura
373 3663 599 3756 tumultuaria
630 3663 797 3739 contenti,
821 3662 881 3727 vix
912 3681 1109 3727 sacramen·

196 3882 205 3919 '-
220 3882 353 3948 Δημέα]
383 3885 418 3933 D.
441 3886 473 3935 Ε.
494 3885 526 3934 L.
539 3901 547 3945 3
570 3884 624 3933 An·
649 3883 730 3945 cayed
741 3885 767 3932 in
780 3884 907 3947 England,
922 3884 978 3934 that
987 3900 1047 3946 very
1059 3886 1110 3935 lew

161 3954 217 4017 glis,
229 3954 258 4004 S.
648 3956 741 4015 priests
751 3956 846 4005 onthis
857 3955 912 4003 side
928 3954 958 4003 oi
972 3955 1015 4003 the
1027 3956 1110 4007 Hum-

195 4022 311 4073 'caria
329 4024 461 4073 iunctura
482 4038 624 4085 ...gram-
649 4026 693 4073 ber
711 4025 788 4072 could
809 4024 964 4075 understand
981 4024 1023 4071 the
1041 4039 1109 4074 eom-

162 4096 273 4143 matiram
291 4088 405 4161 noma]
424 4094 471 4143 See
483 4094 497 4155 ξ
510 4098 565 4155 123,
578 4109 622 4155 pp.
648 4109 705 4143 mon
724 4095 821 4149 service
835 4093 921 4143 nithe
938 4092 1042 4153 chureh,
1058 4094 1109 4142 and

163 4168 217 4227 191,
230 4169 287 4214 192.
323 4164 394 4225 King
405 4164 519 4226 Aellred,
538 4165 564 4211 in
583 4163 623 4213 bis
648 4161 1108 4214 heknewnoneaouthoftlreThames

162 4236 259 4295 prelace
287 4240 314 4283 to
334 4234 472 4295 Gregory's
496 4235 623 4297 Pasarral,
647 4230 1109 4295 whoeouldtumanordinurypieee

163 4309 237 4356 stane
255 4306 312 4355 thal
330 4305 446 4366 learning
462 4320 516 4353 was
533 4320 561 4354 so
577 4304 622 4353 de-
646 4304 676 4353 oi
685 4306 760 4353 Latin
771 4305 824 4353 into
835 4301 951 4364 English.
