<?xml version="1.0" encoding="UTF-8"?>
<!DOCTYPE html PUBLIC "-//W3C//DTD XHTML 1.0 Transitional//EN"
    "http://www.w3.org/TR/xhtml1/DTD/xhtml1-transitional.dtd">
<html xmlns="http://www.w3.org/1999/xhtml" xml:lang="en" lang="en">
 <head>
  <title>
</title>
<meta http-equiv="Content-Type" content="text/html;charset=utf-8" />
  <meta name='ocr-system' content='tesseract 3.04.00' />
  <meta name='ocr-capabilities' content='ocr_page ocr_carea ocr_par ocr_line ocrx_word'/>
</head>
<body>
  <div class='ocr_page' id='page_1' title='image "./willelmimalmesb02willgoog_0180.png"; bbox 0 0 3100 5050; ppageno 0'>
   <div class='ocr_carea' id='block_1_1' title="bbox 420 486 1376 568">
    <p class='ocr_par' dir='ltr' id='par_1_1' title="bbox 420 486 1376 568">
     <span class='ocr_line' id='line_1_1' title="bbox 420 486 1376 568; baseline -0.007 -15"><span class='ocrx_word' id='word_1_1' title='bbox 420 487 486 553; x_wconf 78' lang='grc'>560</span> <span class='ocrx_word' id='word_1_2' title='bbox 636 501 750 552; x_wconf 69' lang='lat' dir='ltr'>casua</span> <span class='ocrx_word' id='word_1_3' title='bbox 774 503 900 552; x_wconf 80' lang='lat' dir='ltr'>arcun</span> <span class='ocrx_word' id='word_1_4' title='bbox 925 501 1172 568; x_wconf 58' lang='lat' dir='ltr'>auonoauu„</span> <span class='ocrx_word' id='word_1_5' title='bbox 1222 486 1376 568; x_wconf 79' lang='lat' dir='ltr'>[crarv.</span> 
     </span>
    </p>
   </div>
   <div class='ocr_carea' id='block_1_2' title="bbox 260 654 1374 745">
    <p class='ocr_par' dir='ltr' id='par_1_2' title="bbox 260 654 1374 745">
     <span class='ocr_line' id='line_1_2' title="bbox 260 654 1374 745; baseline -0.003 -18"><span class='ocrx_word' id='word_1_6' title='bbox 260 685 400 738; x_wconf 72' lang='lat' dir='ltr'>apponente</span> <span class='ocrx_word' id='word_1_7' title='bbox 471 659 581 745; x_wconf 66' lang='lat' dir='ltr'>§iffi</span> <span class='ocrx_word' id='word_1_8' title='bbox 603 660 672 724; x_wconf 93' lang='lat' dir='ltr'>Sed</span> <span class='ocrx_word' id='word_1_9' title='bbox 687 680 778 738; x_wconf 92' lang='lat' dir='ltr'>cum,</span> <span class='ocrx_word' id='word_1_10' title='bbox 796 654 878 726; x_wconf 85' lang='lat' dir='ltr'>¹sax</span> <span class='ocrx_word' id='word_1_11' title='bbox 892 660 1068 725; x_wconf 86' lang='lat' dir='ltr'>mensibus</span> <span class='ocrx_word' id='word_1_12' title='bbox 1086 657 1282 724; x_wconf 74' lang='lat' dir='ltr'>Antiochiae</span> <span class='ocrx_word' id='word_1_13' title='bbox 1298 680 1374 724; x_wconf 90' lang='lat' dir='ltr'>mo-</span> 
     </span>
    </p>
   </div>
   <div class='ocr_carea' id='block_1_3' title="bbox 259 738 386 829">
    <p class='ocr_par' dir='ltr' id='par_1_3' title="bbox 259 738 386 829">
     <span class='ocr_line' id='line_1_3' title="bbox 259 738 386 779; baseline -0.024 0"><span class='ocrx_word' id='word_1_14' title='bbox 259 738 386 779; x_wconf 68' lang='lat' dir='ltr'>Jerusalem.</span> 
     </span>
     <span class='ocr_line' id='line_1_4' title="bbox 259 789 381 829; baseline -0.008 -1"><span class='ocrx_word' id='word_1_15' title='bbox 259 789 315 829; x_wconf 73' lang='lat' dir='ltr'>al).</span> <span class='ocrx_word' id='word_1_16' title='bbox 325 789 381 828; x_wconf 73' lang='lat'>1⁰⁹9.</span> 
     </span>
    </p>
   </div>
   <div class='ocr_carea' id='block_1_4' title="bbox 420 761 1374 1446">
    <p class='ocr_par' dir='ltr' id='par_1_4' title="bbox 420 761 1374 1446">
     <span class='ocr_line' id='line_1_5' title="bbox 420 761 1374 844; baseline -0.002 -18"><span class='ocrx_word' id='word_1_17' title='bbox 420 763 500 839; x_wconf 86' lang='lat' dir='ltr'>rati,</span> <span class='ocrx_word' id='word_1_18' title='bbox 523 762 719 844; x_wconf 84' lang='lat' dir='ltr'>praeteritos</span> <span class='ocrx_word' id='word_1_19' title='bbox 736 762 873 826; x_wconf 89' lang='lat' dir='ltr'>labores</span> <span class='ocrx_word' id='word_1_20' title='bbox 896 768 967 824; x_wconf 89' lang='lat' dir='ltr'>tam</span> <span class='ocrx_word' id='word_1_21' title='bbox 984 761 1148 824; x_wconf 90' lang='lat' dir='ltr'>diuturna</span> <span class='ocrx_word' id='word_1_22' title='bbox 1161 761 1278 844; x_wconf 87' lang='lat' dir='ltr'>quiete</span> <span class='ocrx_word' id='word_1_23' title='bbox 1294 762 1374 824; x_wconf 90' lang='lat' dir='ltr'>abs-</span> 
     </span>
     <span class='ocr_line' id='line_1_6' title="bbox 420 861 1373 946; baseline 0 -20"><span class='ocrx_word' id='word_1_24' title='bbox 420 861 614 939; x_wconf 87' lang='lat' dir='ltr'>tersissent,</span> <span class='ocrx_word' id='word_1_25' title='bbox 646 862 713 926; x_wconf 90' lang='lat' dir='ltr'>iter</span> <span class='ocrx_word' id='word_1_26' title='bbox 746 861 951 946; x_wconf 80' lang='lat' dir='ltr'>Jamdudum</span> <span class='ocrx_word' id='word_1_27' title='bbox 985 862 1161 944; x_wconf 90' lang='lat' dir='ltr'>inceptum</span> <span class='ocrx_word' id='word_1_28' title='bbox 1195 880 1373 926; x_wconf 82' lang='lat' dir='ltr'>resumere</span> 
     </span>
     <span class='ocr_line' id='line_1_7' title="bbox 420 960 1372 1044; baseline 0 -19"><span class='ocrx_word' id='word_1_29' title='bbox 420 962 686 1026; x_wconf 80' lang='lat' dir='ltr'>meditabantur.</span> <span class='ocrx_word' id='word_1_30' title='bbox 744 961 952 1044; x_wconf 88' lang='lat' dir='ltr'>Primusque</span> <span class='ocrx_word' id='word_1_31' title='bbox 982 960 1215 1038; x_wconf 86' lang='lat' dir='ltr'>Raimundus,</span> <span class='ocrx_word' id='word_1_32' title='bbox 1240 961 1372 1026; x_wconf 87' lang='lat' dir='ltr'>nullius</span> 
     </span>
     <span class='ocr_line' id='line_1_8' title="bbox 420 1055 1372 1145; baseline 0 -19"><span class='ocrx_word' id='word_1_33' title='bbox 420 1081 572 1145; x_wconf 90' lang='lat' dir='ltr'>unquam</span> <span class='ocrx_word' id='word_1_34' title='bbox 599 1062 751 1145; x_wconf 80' lang='lat' dir='ltr'>ignaviae</span> <span class='ocrx_word' id='word_1_35' title='bbox 774 1063 946 1139; x_wconf 87' lang='lat' dir='ltr'>conscius,</span> <span class='ocrx_word' id='word_1_36' title='bbox 971 1067 1008 1125; x_wconf 89' lang='lat' dir='ltr'>et</span> <span class='ocrx_word' id='word_1_37' title='bbox 1029 1063 1085 1126; x_wconf 94' lang='lat' dir='ltr'>cui</span> <span class='ocrx_word' id='word_1_38' title='bbox 1110 1080 1246 1144; x_wconf 87' lang='lat' dir='ltr'>semper</span> <span class='ocrx_word' id='word_1_39' title='bbox 1267 1055 1372 1126; x_wconf 82' lang='lat' dir='ltr'>²cura</span> 
     </span>
     <span class='ocr_line' id='line_1_9' title="bbox 420 1162 1370 1245; baseline 0.002 -21"><span class='ocrx_word' id='word_1_40' title='bbox 420 1162 568 1245; x_wconf 86' lang='lat' dir='ltr'>primum</span> <span class='ocrx_word' id='word_1_41' title='bbox 591 1163 629 1226; x_wconf 93' lang='lat' dir='ltr'>in</span> <span class='ocrx_word' id='word_1_42' title='bbox 653 1163 834 1245; x_wconf 90' lang='lat' dir='ltr'>procinctu</span> <span class='ocrx_word' id='word_1_43' title='bbox 857 1162 999 1227; x_wconf 90' lang='lat' dir='ltr'>militari</span> <span class='ocrx_word' id='word_1_44' title='bbox 1021 1181 1109 1240; x_wconf 89' lang='lat' dir='ltr'>esse,</span> <span class='ocrx_word' id='word_1_45' title='bbox 1130 1169 1166 1226; x_wconf 92' lang='lat' dir='ltr'>et</span> <span class='ocrx_word' id='word_1_46' title='bbox 1186 1168 1269 1245; x_wconf 87' lang='lat' dir='ltr'>post</span> <span class='ocrx_word' id='word_1_47' title='bbox 1291 1183 1370 1226; x_wconf 91' lang='lat' dir='ltr'>eum</span> 
     </span>
     <span class='ocr_line' id='line_1_10' title="bbox 422 1255 1371 1342; baseline 0.002 -16"><span class='ocrx_word' id='word_1_48' title='bbox 422 1262 569 1327; x_wconf 85' lang='lat' dir='ltr'>Roberti</span> <span class='ocrx_word' id='word_1_49' title='bbox 594 1270 630 1327; x_wconf 89' lang='lat' dir='ltr'>et</span> <span class='ocrx_word' id='word_1_50' title='bbox 647 1261 870 1340; x_wconf 82' lang='lat' dir='ltr'>Godefridus,</span> <span class='ocrx_word' id='word_1_51' title='bbox 885 1255 968 1326; x_wconf 83' lang='lat' dir='ltr'>³iter</span> <span class='ocrx_word' id='word_1_52' title='bbox 984 1262 1098 1326; x_wconf 91' lang='lat' dir='ltr'>adorti</span> <span class='ocrx_word' id='word_1_53' title='bbox 1113 1282 1122 1342; x_wconf 81' lang='lat'>3</span> <span class='ocrx_word' id='word_1_54' title='bbox 1145 1261 1258 1328; x_wconf 89' lang='lat' dir='ltr'>solum</span> <span class='ocrx_word' id='word_1_55' title='bbox 1276 1263 1371 1328; x_wconf 91' lang='lat' dir='ltr'>Boa-</span> 
     </span>
     <span class='ocr_line' id='line_1_11' title="bbox 420 1363 1370 1446; baseline 0.001 -20"><span class='ocrx_word' id='word_1_56' title='bbox 420 1363 585 1427; x_wconf 88' lang='lat' dir='ltr'>mundum</span> <span class='ocrx_word' id='word_1_57' title='bbox 610 1363 862 1428; x_wconf 83' lang='lat' dir='ltr'>florentissimae</span> <span class='ocrx_word' id='word_1_58' title='bbox 890 1363 1043 1428; x_wconf 88' lang='lat' dir='ltr'>civitatis</span> <span class='ocrx_word' id='word_1_59' title='bbox 1064 1369 1226 1445; x_wconf 87' lang='lat' dir='ltr'>aspectus</span> <span class='ocrx_word' id='word_1_60' title='bbox 1250 1369 1288 1427; x_wconf 88' lang='lat' dir='ltr'>et</span> <span class='ocrx_word' id='word_1_61' title='bbox 1310 1382 1370 1446; x_wconf 91' lang='lat' dir='ltr'>pe-</span> 
     </span>
    </p>
   </div>
   <div class='ocr_carea' id='block_1_5' title="bbox 385 1462 1418 1556">
    <p class='ocr_par' dir='ltr' id='par_1_5' title="bbox 385 1462 1418 1556">
     <span class='ocr_line' id='line_1_12' title="bbox 385 1462 1418 1556; baseline -0.001 -28"><span class='ocrx_word' id='word_1_62' title='bbox 385 1542 387 1546; x_wconf 34' lang='grc'>,</span> <span class='ocrx_word' id='word_1_63' title='bbox 420 1464 599 1528; x_wconf 90' lang='lat' dir='ltr'>cuniarum</span> <span class='ocrx_word' id='word_1_64' title='bbox 624 1464 734 1528; x_wconf 86' lang='lat' dir='ltr'>fames</span> <span class='ocrx_word' id='word_1_65' title='bbox 756 1463 940 1542; x_wconf 83' lang='lat' dir='ltr'>continuit,</span> <span class='ocrx_word' id='word_1_66' title='bbox 970 1471 1010 1527; x_wconf 92' lang='lat' dir='ltr'>ut</span> <span class='ocrx_word' id='word_1_67' title='bbox 1039 1463 1176 1526; x_wconf 90' lang='lat' dir='ltr'>interim</span> <span class='ocrx_word' id='word_1_68' title='bbox 1205 1462 1371 1528; x_wconf 86' lang='lat' dir='ltr'>differret.</span> <span class='ocrx_word' id='word_1_69' title='bbox 1414 1551 1418 1556; x_wconf 26' lang='grc' dir='ltr'>Ι</span> 
     </span>
    </p>
   </div>
   <div class='ocr_carea' id='block_1_6' title="bbox 419 1563 1373 3246">
    <p class='ocr_par' dir='ltr' id='par_1_6' title="bbox 419 1563 1373 3246">
     <span class='ocr_line' id='line_1_13' title="bbox 421 1563 1372 1646; baseline -0.003 -17"><span class='ocrx_word' id='word_1_70' title='bbox 421 1563 504 1629; x_wconf 85' lang='lat' dir='ltr'>Sed&#39;</span> <span class='ocrx_word' id='word_1_71' title='bbox 520 1564 652 1629; x_wconf 86' lang='lat' dir='ltr'>latebat</span> <span class='ocrx_word' id='word_1_72' title='bbox 685 1566 750 1628; x_wconf 87' lang='lat' dir='ltr'>sub</span> <span class='ocrx_word' id='word_1_73' title='bbox 783 1563 972 1646; x_wconf 86' lang='lat' dir='ltr'>cupiditate</span> <span class='ocrx_word' id='word_1_74' title='bbox 1003 1563 1092 1628; x_wconf 92' lang='lat' dir='ltr'>ratio</span> <span class='ocrx_word' id='word_1_75' title='bbox 1121 1563 1372 1645; x_wconf 89' lang='lat' dir='ltr'>persuasibilis,</span> 
     </span>
     <span class='ocr_line' id='line_1_14' title="bbox 421 1661 1372 1746; baseline 0.003 -21"><span class='ocrx_word' id='word_1_76' title='bbox 421 1681 491 1746; x_wconf 91' lang='lat' dir='ltr'>qua</span> <span class='ocrx_word' id='word_1_77' title='bbox 505 1663 635 1728; x_wconf 88' lang='lat' dir='ltr'>diceret</span> <span class='ocrx_word' id='word_1_78' title='bbox 645 1661 868 1728; x_wconf 82' lang='lat' dir='ltr'>Antiochiam</span> <span class='ocrx_word' id='word_1_79' title='bbox 883 1683 952 1728; x_wconf 91' lang='lat' dir='ltr'>non</span> <span class='ocrx_word' id='word_1_80' title='bbox 973 1663 1049 1727; x_wconf 89' lang='lat' dir='ltr'>sine</span> <span class='ocrx_word' id='word_1_81' title='bbox 1073 1663 1229 1746; x_wconf 85' lang='lat' dir='ltr'>principe</span> <span class='ocrx_word' id='word_1_82' title='bbox 1243 1663 1372 1728; x_wconf 82' lang='lat' dir='ltr'>Turcis</span> 
     </span>
     <span class='ocr_line' id='line_1_15' title="bbox 421 1763 1372 1846; baseline 0.004 -20"><span class='ocrx_word' id='word_1_83' title='bbox 421 1763 661 1846; x_wconf 85' lang='lat' dir='ltr'>exponendam</span> <span class='ocrx_word' id='word_1_84' title='bbox 677 1764 843 1828; x_wconf 90' lang='lat' dir='ltr'>continuo</span> <span class='ocrx_word' id='word_1_85' title='bbox 858 1763 1076 1828; x_wconf 76' lang='lat' dir='ltr'>involaturis</span> <span class='ocrx_word' id='word_1_86' title='bbox 1130 1763 1269 1828; x_wconf 88' lang='lat' dir='ltr'>Residit</span> <span class='ocrx_word' id='word_1_87' title='bbox 1286 1784 1372 1846; x_wconf 85' lang='lat' dir='ltr'>ergo</span> 
     </span>
     <span class='ocr_line' id='line_1_16' title="bbox 420 1863 1372 1946; baseline 0.004 -20"><span class='ocrx_word' id='word_1_88' title='bbox 420 1864 457 1926; x_wconf 91' lang='lat' dir='ltr'>in</span> <span class='ocrx_word' id='word_1_89' title='bbox 478 1864 582 1944; x_wconf 83' lang='lat' dir='ltr'>urbe3</span> <span class='ocrx_word' id='word_1_90' title='bbox 605 1871 641 1929; x_wconf 92' lang='lat' dir='ltr'>et</span> <span class='ocrx_word' id='word_1_91' title='bbox 664 1863 853 1928; x_wconf 89' lang='lat' dir='ltr'>Raimundi</span> <span class='ocrx_word' id='word_1_92' title='bbox 868 1863 1035 1942; x_wconf 85' lang='lat' dir='ltr'>homines,</span> <span class='ocrx_word' id='word_1_93' title='bbox 1050 1864 1111 1946; x_wconf 89' lang='lat' dir='ltr'>qni</span> <span class='ocrx_word' id='word_1_94' title='bbox 1125 1864 1239 1928; x_wconf 90' lang='lat' dir='ltr'>vicum</span> <span class='ocrx_word' id='word_1_95' title='bbox 1261 1883 1372 1930; x_wconf 86' lang='lat' dir='ltr'>unum</span> 
     </span>
     <span class='ocr_line' id='line_1_17' title="bbox 420 1956 1371 2049; baseline 0.001 -22"><span class='ocrx_word' id='word_1_96' title='bbox 420 1964 596 2040; x_wconf 86' lang='lat' dir='ltr'>tenebant,</span> <span class='ocrx_word' id='word_1_97' title='bbox 629 1965 807 2047; x_wconf 88' lang='lat' dir='ltr'>improbus</span> <span class='ocrx_word' id='word_1_98' title='bbox 840 1970 984 2028; x_wconf 84' lang='lat' dir='ltr'>exactor</span> <span class='ocrx_word' id='word_1_99' title='bbox 1007 1964 1176 2027; x_wconf 88' lang='lat' dir='ltr'>moenibus</span> <span class='ocrx_word' id='word_1_100' title='bbox 1204 1956 1371 2049; x_wconf 86' lang='lat' dir='ltr'>⁴depulit.</span> 
     </span>
     <span class='ocr_line' id='line_1_18' title="bbox 419 2059 1372 2147; baseline 0.001 -19"><span class='ocrx_word' id='word_1_101' title='bbox 419 2061 576 2128; x_wconf 76' lang='lat' dir='ltr'>atvero</span> <span class='ocrx_word' id='word_1_102' title='bbox 606 2065 724 2128; x_wconf 83' lang='lat' dir='ltr'>caeteri</span> <span class='ocrx_word' id='word_1_103' title='bbox 751 2059 830 2147; x_wconf 88' lang='lat' dir='ltr'>⁵per</span> <span class='ocrx_word' id='word_1_104' title='bbox 855 2063 1037 2147; x_wconf 81' lang='lat' dir='ltr'>Tripolim,</span> <span class='ocrx_word' id='word_1_105' title='bbox 1070 2070 1105 2127; x_wconf 93' lang='lat' dir='ltr'>et</span> <span class='ocrx_word' id='word_1_106' title='bbox 1132 2063 1303 2142; x_wconf 87' lang='lat' dir='ltr'>Beritum,</span> <span class='ocrx_word' id='word_1_107' title='bbox 1336 2073 1372 2129; x_wconf 90' lang='lat' dir='ltr'>et</span> 
     </span>
     <span class='ocr_line' id='line_1_19' title="bbox 419 2161 1372 2248; baseline 0.001 -21"><span class='ocrx_word' id='word_1_108' title='bbox 419 2161 565 2246; x_wconf 84' lang='lat' dir='ltr'>Tyrum,</span> <span class='ocrx_word' id='word_1_109' title='bbox 590 2172 625 2229; x_wconf 87' lang='lat' dir='ltr'>et</span> <span class='ocrx_word' id='word_1_110' title='bbox 642 2163 827 2248; x_wconf 88' lang='lat' dir='ltr'>Sydonem,</span> <span class='ocrx_word' id='word_1_111' title='bbox 852 2172 888 2229; x_wconf 93' lang='lat' dir='ltr'>et</span> <span class='ocrx_word' id='word_1_112' title='bbox 904 2163 1112 2240; x_wconf 87' lang='lat' dir='ltr'>Acaronem,</span> <span class='ocrx_word' id='word_1_113' title='bbox 1134 2170 1169 2227; x_wconf 92' lang='lat' dir='ltr'>et</span> <span class='ocrx_word' id='word_1_114' title='bbox 1186 2163 1372 2246; x_wconf 85' lang='lat' dir='ltr'>Caipham,</span> 
     </span>
     <span class='ocr_line' id='line_1_20' title="bbox 420 2260 1373 2340; baseline 0.004 -14"><span class='ocrx_word' id='word_1_115' title='bbox 420 2270 456 2327; x_wconf 87' lang='lat' dir='ltr'>et</span> <span class='ocrx_word' id='word_1_116' title='bbox 473 2262 670 2330; x_wconf 83' lang='lat' dir='ltr'>Caesaream</span> <span class='ocrx_word' id='word_1_117' title='bbox 689 2264 877 2329; x_wconf 74' lang='lat' dir='ltr'>Palestinae</span> <span class='ocrx_word' id='word_1_118' title='bbox 892 2271 1124 2340; x_wconf 62' lang='lat' dir='ltr'>transeuntes</span> <span class='ocrx_word' id='word_1_119' title='bbox 1134 2260 1189 2328; x_wconf 84' lang='lat' dir='ltr'>ibi</span> <span class='ocrx_word' id='word_1_120' title='bbox 1208 2282 1230 2326; x_wconf 92' lang='lat' dir='ltr'>a</span> <span class='ocrx_word' id='word_1_121' title='bbox 1243 2264 1373 2330; x_wconf 83' lang='lat' dir='ltr'>dextra</span> 
     </span>
     <span class='ocr_line' id='line_1_21' title="bbox 420 2363 1373 2448; baseline 0.005 -22"><span class='ocrx_word' id='word_1_122' title='bbox 420 2363 632 2431; x_wconf 87' lang='lat' dir='ltr'>dimittentes</span> <span class='ocrx_word' id='word_1_123' title='bbox 657 2365 843 2442; x_wconf 90' lang='lat' dir='ltr'>maritima,</span> <span class='ocrx_word' id='word_1_124' title='bbox 865 2370 1097 2448; x_wconf 89' lang='lat' dir='ltr'>pervenerunt</span> <span class='ocrx_word' id='word_1_125' title='bbox 1113 2363 1324 2444; x_wconf 87' lang='lat' dir='ltr'>Ramulam;</span> <span class='ocrx_word' id='word_1_126' title='bbox 1350 2386 1373 2430; x_wconf 87' lang='lat' dir='ltr'>a</span> 
     </span>
     <span class='ocr_line' id='line_1_22' title="bbox 420 2462 1373 2548; baseline 0.003 -21"><span class='ocrx_word' id='word_1_127' title='bbox 420 2463 627 2548; x_wconf 84' lang='lat' dir='ltr'>quibusdam</span> <span class='ocrx_word' id='word_1_128' title='bbox 661 2465 861 2532; x_wconf 88' lang='lat' dir='ltr'>civitatibus</span> <span class='ocrx_word' id='word_1_129' title='bbox 892 2462 1073 2547; x_wconf 84' lang='lat' dir='ltr'>gratanter</span> <span class='ocrx_word' id='word_1_130' title='bbox 1103 2465 1252 2548; x_wconf 85' lang='lat' dir='ltr'>excepti,</span> <span class='ocrx_word' id='word_1_131' title='bbox 1284 2485 1373 2548; x_wconf 88' lang='lat' dir='ltr'>qua-</span> 
     </span>
     <span class='ocr_line' id='line_1_23' title="bbox 420 2565 1371 2649; baseline 0.003 -23"><span class='ocrx_word' id='word_1_132' title='bbox 420 2565 565 2630; x_wconf 89' lang='lat' dir='ltr'>rundam</span> <span class='ocrx_word' id='word_1_133' title='bbox 588 2565 804 2649; x_wconf 89' lang='lat' dir='ltr'>subjectione</span> <span class='ocrx_word' id='word_1_134' title='bbox 823 2566 987 2630; x_wconf 87' lang='lat' dir='ltr'>virtutem</span> <span class='ocrx_word' id='word_1_135' title='bbox 1010 2584 1110 2629; x_wconf 89' lang='lat' dir='ltr'>suam</span> <span class='ocrx_word' id='word_1_136' title='bbox 1130 2565 1371 2647; x_wconf 84' lang='lat' dir='ltr'>insignientes.</span> 
     </span>
     <span class='ocr_line' id='line_1_24' title="bbox 422 2663 1371 2747; baseline 0.001 -19"><span class='ocrx_word' id='word_1_137' title='bbox 422 2663 506 2728; x_wconf 92' lang='lat' dir='ltr'>Nou</span> <span class='ocrx_word' id='word_1_138' title='bbox 537 2667 627 2730; x_wconf 90' lang='lat' dir='ltr'>enim</span> <span class='ocrx_word' id='word_1_139' title='bbox 658 2665 789 2730; x_wconf 86' lang='lat' dir='ltr'>diutius</span> <span class='ocrx_word' id='word_1_140' title='bbox 825 2685 957 2729; x_wconf 90' lang='lat' dir='ltr'>moram</span> <span class='ocrx_word' id='word_1_141' title='bbox 990 2666 1155 2747; x_wconf 91' lang='lat' dir='ltr'>protelari</span> <span class='ocrx_word' id='word_1_142' title='bbox 1187 2666 1371 2730; x_wconf 91' lang='lat' dir='ltr'>consilium</span> 
     </span>
     <span class='ocr_line' id='line_1_25' title="bbox 420 2763 1371 2849; baseline 0.004 -22"><span class='ocrx_word' id='word_1_143' title='bbox 420 2772 508 2843; x_wconf 88' lang='lat' dir='ltr'>erat,</span> <span class='ocrx_word' id='word_1_144' title='bbox 541 2766 633 2848; x_wconf 93' lang='lat' dir='ltr'>quod</span> <span class='ocrx_word' id='word_1_145' title='bbox 660 2763 793 2848; x_wconf 88' lang='lat' dir='ltr'>Aprilis</span> <span class='ocrx_word' id='word_1_146' title='bbox 818 2767 947 2831; x_wconf 86' lang='lat' dir='ltr'>mensis</span> <span class='ocrx_word' id='word_1_147' title='bbox 976 2771 1062 2843; x_wconf 87' lang='lat' dir='ltr'>erat,</span> <span class='ocrx_word' id='word_1_148' title='bbox 1094 2772 1130 2829; x_wconf 91' lang='lat' dir='ltr'>et</span> <span class='ocrx_word' id='word_1_149' title='bbox 1157 2774 1371 2849; x_wconf 84' lang='lat' dir='ltr'>campestres</span> 
     </span>
     <span class='ocr_line' id='line_1_26' title="bbox 420 2862 1371 2946; baseline 0.004 -19"><span class='ocrx_word' id='word_1_150' title='bbox 420 2862 539 2946; x_wconf 82' lang='lat' dir='ltr'>fruges</span> <span class='ocrx_word' id='word_1_151' title='bbox 561 2865 598 2928; x_wconf 93' lang='lat' dir='ltr'>in</span> <span class='ocrx_word' id='word_1_152' title='bbox 621 2872 777 2930; x_wconf 87' lang='lat' dir='ltr'>maturas</span> <span class='ocrx_word' id='word_1_153' title='bbox 799 2884 929 2931; x_wconf 85' lang='lat' dir='ltr'>messes</span> <span class='ocrx_word' id='word_1_154' title='bbox 951 2866 1164 2929; x_wconf 83' lang='lat' dir='ltr'>coaluerant.</span> <span class='ocrx_word' id='word_1_155' title='bbox 1218 2866 1371 2931; x_wconf 88' lang='lat' dir='ltr'>Ramula</span> 
     </span>
     <span class='ocr_line' id='line_1_27' title="bbox 421 2965 1370 3049; baseline 0.004 -21"><span class='ocrx_word' id='word_1_156' title='bbox 421 2971 475 3028; x_wconf 87' lang='lat' dir='ltr'>est</span> <span class='ocrx_word' id='word_1_157' title='bbox 507 2965 703 3045; x_wconf 88' lang='lat' dir='ltr'>civitatula,</span> <span class='ocrx_word' id='word_1_158' title='bbox 737 2986 836 3031; x_wconf 92' lang='lat' dir='ltr'>muro</span> <span class='ocrx_word' id='word_1_159' title='bbox 863 2966 994 3047; x_wconf 83' lang='lat' dir='ltr'>indiga,</span> <span class='ocrx_word' id='word_1_160' title='bbox 1028 2965 1123 3029; x_wconf 88' lang='lat' dir='ltr'>beati</span> <span class='ocrx_word' id='word_1_161' title='bbox 1156 2965 1313 3049; x_wconf 84' lang='lat' dir='ltr'>Georgii,</span> <span class='ocrx_word' id='word_1_162' title='bbox 1339 2969 1370 3032; x_wconf 91' lang='lat' dir='ltr'>si</span> 
     </span>
     <span class='ocr_line' id='line_1_28' title="bbox 420 3062 1371 3151; baseline 0.006 -25"><span class='ocrx_word' id='word_1_163' title='bbox 420 3062 523 3128; x_wconf 80' lang='lat' dir='ltr'>famae</span> <span class='ocrx_word' id='word_1_164' title='bbox 548 3065 730 3144; x_wconf 88' lang='lat' dir='ltr'>credimus,</span> <span class='ocrx_word' id='word_1_165' title='bbox 753 3066 912 3149; x_wconf 87' lang='lat' dir='ltr'>martyrii</span> <span class='ocrx_word' id='word_1_166' title='bbox 934 3066 1094 3145; x_wconf 82' lang='lat' dir='ltr'>conscia3</span> <span class='ocrx_word' id='word_1_167' title='bbox 1127 3066 1227 3151; x_wconf 90' lang='lat' dir='ltr'>cujus</span> <span class='ocrx_word' id='word_1_168' title='bbox 1251 3067 1300 3131; x_wconf 91' lang='lat' dir='ltr'>ibi</span> <span class='ocrx_word' id='word_1_169' title='bbox 1326 3069 1371 3132; x_wconf 92' lang='lat' dir='ltr'>ab</span> 
     </span>
     <span class='ocr_line' id='line_1_29' title="bbox 421 3163 1371 3246; baseline 0.006 -21"><span class='ocrx_word' id='word_1_170' title='bbox 421 3164 567 3246; x_wconf 91' lang='lat' dir='ltr'>antiquo</span> <span class='ocrx_word' id='word_1_171' title='bbox 589 3164 769 3229; x_wconf 84' lang='lat' dir='ltr'>fundatam</span> <span class='ocrx_word' id='word_1_172' title='bbox 800 3166 983 3229; x_wconf 87' lang='lat' dir='ltr'>ecclesiam</span> <span class='ocrx_word' id='word_1_173' title='bbox 1005 3163 1111 3229; x_wconf 84' lang='lat' dir='ltr'>Turci</span> <span class='ocrx_word' id='word_1_174' title='bbox 1133 3166 1289 3230; x_wconf 90' lang='lat' dir='ltr'>nonnihil</span> <span class='ocrx_word' id='word_1_175' title='bbox 1312 3168 1371 3231; x_wconf 89' lang='lat' dir='ltr'>de·</span> 
     </span>
    </p>
   </div>
   <div class='ocr_carea' id='block_1_7' title="bbox 371 3262 1371 3351">
    <p class='ocr_par' dir='ltr' id='par_1_7' title="bbox 371 3262 1371 3351">
     <span class='ocr_line' id='line_1_30' title="bbox 371 3262 1371 3351; baseline 0.008 -26"><span class='ocrx_word' id='word_1_176' title='bbox 371 3331 374 3336; x_wconf 56' lang='lat'>,</span> <span class='ocrx_word' id='word_1_177' title='bbox 420 3262 667 3342; x_wconf 77' lang='lat' dir='ltr'>formaverunt,</span> <span class='ocrx_word' id='word_1_178' title='bbox 700 3272 784 3331; x_wconf 87' lang='lat' dir='ltr'>tunc</span> <span class='ocrx_word' id='word_1_179' title='bbox 814 3272 909 3329; x_wconf 88' lang='lat' dir='ltr'>metu</span> <span class='ocrx_word' id='word_1_180' title='bbox 942 3265 1168 3343; x_wconf 87' lang='lat' dir='ltr'>Francorum,</span> <span class='ocrx_word' id='word_1_181' title='bbox 1197 3268 1371 3351; x_wconf 82' lang='lat' dir='ltr'>subreptis</span> 
     </span>
    </p>
   </div>
   <div class='ocr_carea' id='block_1_8' title="bbox 388 3363 1371 3450">
    <p class='ocr_par' dir='ltr' id='par_1_8' title="bbox 388 3363 1371 3450">
     <span class='ocr_line' id='line_1_31' title="bbox 388 3363 1371 3450; baseline 0.005 -23"><span class='ocrx_word' id='word_1_182' title='bbox 388 3413 391 3418; x_wconf 90' lang='lat'>.</span> <span class='ocrx_word' id='word_1_183' title='bbox 420 3364 579 3429; x_wconf 89' lang='lat' dir='ltr'>omnibus</span> <span class='ocrx_word' id='word_1_184' title='bbox 619 3366 703 3443; x_wconf 66' lang='lat' dir='ltr'>suis</span> <span class='ocrx_word' id='word_1_185' title='bbox 739 3366 776 3429; x_wconf 91' lang='lat' dir='ltr'>in</span> <span class='ocrx_word' id='word_1_186' title='bbox 803 3372 967 3429; x_wconf 86' lang='lat' dir='ltr'>montana</span> <span class='ocrx_word' id='word_1_187' title='bbox 998 3363 1136 3447; x_wconf 90' lang='lat' dir='ltr'>dilapsi.</span> <span class='ocrx_word' id='word_1_188' title='bbox 1205 3365 1371 3450; x_wconf 91' lang='lat' dir='ltr'>Sequenti</span> 
     </span>
    </p>
   </div>
   <div class='ocr_carea' id='block_1_9' title="bbox 419 3464 1370 3763">
    <p class='ocr_par' dir='ltr' id='par_1_9' title="bbox 419 3464 1370 3763">
     <span class='ocr_line' id='line_1_32' title="bbox 420 3464 1369 3545; baseline 0.005 -19"><span class='ocrx_word' id='word_1_189' title='bbox 420 3483 533 3542; x_wconf 90' lang='lat' dir='ltr'>mane,</span> <span class='ocrx_word' id='word_1_190' title='bbox 550 3464 658 3529; x_wconf 92' lang='lat' dir='ltr'>dubio</span> <span class='ocrx_word' id='word_1_191' title='bbox 675 3465 787 3531; x_wconf 89' lang='lat' dir='ltr'>adhuc</span> <span class='ocrx_word' id='word_1_192' title='bbox 809 3464 878 3529; x_wconf 85' lang='lat' dir='ltr'>diei</span> <span class='ocrx_word' id='word_1_193' title='bbox 903 3464 1073 3528; x_wconf 80' lang='lat' dir='ltr'>et&#39;noctis</span> <span class='ocrx_word' id='word_1_194' title='bbox 1095 3464 1255 3545; x_wconf 88' lang='lat' dir='ltr'>confinio,</span> <span class='ocrx_word' id='word_1_195' title='bbox 1273 3466 1369 3531; x_wconf 86' lang='lat' dir='ltr'>Tau-</span> 
     </span>
     <span class='ocr_line' id='line_1_33' title="bbox 419 3563 1370 3647; baseline 0.006 -22"><span class='ocrx_word' id='word_1_196' title='bbox 419 3563 543 3629; x_wconf 88' lang='lat' dir='ltr'>crcdus</span> <span class='ocrx_word' id='word_1_197' title='bbox 564 3563 673 3647; x_wconf 88' lang='lat' dir='ltr'>nepos</span> <span class='ocrx_word' id='word_1_198' title='bbox 694 3564 902 3642; x_wconf 90' lang='lat' dir='ltr'>Boamundi,</span> <span class='ocrx_word' id='word_1_199' title='bbox 927 3570 1099 3647; x_wconf 71' lang='lat' dir='ltr'>praestans</span> <span class='ocrx_word' id='word_1_200' title='bbox 1125 3566 1232 3629; x_wconf 89' lang='lat' dir='ltr'>animi</span> <span class='ocrx_word' id='word_1_201' title='bbox 1258 3567 1370 3641; x_wconf 87' lang='lat' dir='ltr'>miles,</span> 
     </span>
     <span class='ocr_line' id='line_1_34' title="bbox 419 3663 1370 3763; baseline 0.006 -38"><span class='ocrx_word' id='word_1_202' title='bbox 419 3665 567 3745; x_wconf 86' lang='lat' dir='ltr'>sumptis</span> <span class='ocrx_word' id='word_1_203' title='bbox 590 3666 707 3763; x_wconf 84' lang='lat' dir='ltr'>armis,</span> <span class='ocrx_word' id='word_1_204' title='bbox 723 3673 759 3729; x_wconf 92' lang='lat' dir='ltr'>et</span> <span class='ocrx_word' id='word_1_205' title='bbox 775 3664 915 3747; x_wconf 91' lang='lat' dir='ltr'>quidam</span> <span class='ocrx_word' id='word_1_206' title='bbox 937 3663 1009 3741; x_wconf 87' lang='lat' dir='ltr'>alii,</span> <span class='ocrx_word' id='word_1_207' title='bbox 1031 3665 1212 3729; x_wconf 87' lang='lat' dir='ltr'>Bethleem</span> <span class='ocrx_word' id='word_1_208' title='bbox 1232 3674 1370 3748; x_wconf 87' lang='lat' dir='ltr'>perten-</span> 
     </span>
    </p>
   </div>
   <div class='ocr_carea' id='block_1_10' title="bbox 420 3890 1373 4025">
    <p class='ocr_par' dir='ltr' id='par_1_10' title="bbox 420 3890 1373 4025">
     <span class='ocr_line' id='line_1_35' title="bbox 455 3890 1373 3959; baseline 0.004 -18"><span class='ocrx_word' id='word_1_209' title='bbox 455 3894 463 3923; x_wconf 85' lang='lat'>¹</span> <span class='ocrx_word' id='word_1_210' title='bbox 478 3892 553 3956; x_wconf 78' lang='lat' dir='ltr'>Sera]</span> <span class='ocrx_word' id='word_1_211' title='bbox 576 3892 610 3943; x_wconf 78' lang='lat' dir='ltr'>A.</span> <span class='ocrx_word' id='word_1_212' title='bbox 625 3894 654 3944; x_wconf 84' lang='lat' dir='ltr'>C.</span> <span class='ocrx_word' id='word_1_213' title='bbox 667 3894 700 3944; x_wconf 85' lang='lat' dir='ltr'>E.</span> <span class='ocrx_word' id='word_1_214' title='bbox 712 3893 760 3956; x_wconf 84' lang='lat' dir='ltr'>L.;</span> <span class='ocrx_word' id='word_1_215' title='bbox 777 3897 883 3957; x_wconf 87' lang='lat' dir='ltr'>septem,</span> <span class='ocrx_word' id='word_1_216' title='bbox 942 3890 1089 3959; x_wconf 84' lang='lat' dir='ltr'>⁴Depulit.]</span> <span class='ocrx_word' id='word_1_217' title='bbox 1114 3893 1149 3945; x_wconf 76' lang='lat' dir='ltr'>A.</span> <span class='ocrx_word' id='word_1_218' title='bbox 1161 3895 1196 3946; x_wconf 89' lang='lat' dir='ltr'>D.</span> <span class='ocrx_word' id='word_1_219' title='bbox 1209 3896 1242 3948; x_wconf 84' lang='lat' dir='ltr'>E.</span> <span class='ocrx_word' id='word_1_220' title='bbox 1254 3896 1304 3958; x_wconf 86' lang='lat' dir='ltr'>L.;</span> <span class='ocrx_word' id='word_1_221' title='bbox 1328 3912 1373 3945; x_wconf 81' lang='lat' dir='ltr'>ex-</span> 
     </span>
     <span class='ocr_line' id='line_1_36' title="bbox 420 3962 1065 4025; baseline 0.002 -12"><span class='ocrx_word' id='word_1_222' title='bbox 420 3963 450 4013; x_wconf 78' lang='lat' dir='ltr'>S.</span> <span class='ocrx_word' id='word_1_223' title='bbox 462 3964 499 4012; x_wconf 89' lang='lat' dir='ltr'>D.</span> <span class='ocrx_word' id='word_1_224' title='bbox 907 3962 982 4025; x_wconf 91' lang='lat' dir='ltr'>pulit,</span> <span class='ocrx_word' id='word_1_225' title='bbox 993 3963 1021 4012; x_wconf 84' lang='lat' dir='ltr'>S.</span> <span class='ocrx_word' id='word_1_226' title='bbox 1036 3966 1065 4014; x_wconf 84' lang='lat' dir='ltr'>C.</span> 
     </span>
    </p>
   </div>
   <div class='ocr_carea' id='block_1_11' title="bbox 454 4030 1372 4127">
    <p class='ocr_par' dir='ltr' id='par_1_11' title="bbox 454 4030 1372 4127">
     <span class='ocr_line' id='line_1_37' title="bbox 454 4030 1372 4127; baseline -0.001 -41"><span class='ocrx_word' id='word_1_227' title='bbox 454 4062 466 4092; x_wconf 74' lang='lat'>2</span> <span class='ocrx_word' id='word_1_228' title='bbox 478 4064 567 4127; x_wconf 58' lang='lat' dir='ltr'>em]</span> <span class='ocrx_word' id='word_1_229' title='bbox 583 4063 617 4114; x_wconf 48' lang='lat' dir='ltr'>A·</span> <span class='ocrx_word' id='word_1_230' title='bbox 636 4065 665 4114; x_wconf 42' lang='lat' dir='ltr'>S·</span> <span class='ocrx_word' id='word_1_231' title='bbox 683 4066 713 4115; x_wconf 43' lang='lat'>0·</span> <span class='ocrx_word' id='word_1_232' title='bbox 731 4066 767 4117; x_wconf 42' lang='lat' dir='ltr'>D·</span> <span class='ocrx_word' id='word_1_233' title='bbox 783 4066 816 4115; x_wconf 42' lang='lat' dir='ltr'>E·</span> <span class='ocrx_word' id='word_1_234' title='bbox 834 4066 882 4115; x_wconf 41' lang='lat' dir='ltr'>In,</span> <span class='ocrx_word' id='word_1_235' title='bbox 941 4030 1015 4082; x_wconf 82' lang='lat' dir='ltr'>⁵Per</span> <span class='ocrx_word' id='word_1_236' title='bbox 1027 4035 1167 4098; x_wconf 65' lang='lat' dir='ltr'>Tripolim]</span> <span class='ocrx_word' id='word_1_237' title='bbox 1186 4035 1241 4084; x_wconf 89' lang='lat' dir='ltr'>The</span> <span class='ocrx_word' id='word_1_238' title='bbox 1260 4040 1372 4098; x_wconf 77' lang='lat' dir='ltr'>greatest</span> 
     </span>
    </p>
   </div>
   <div class='ocr_carea' id='block_1_12' title="bbox 419 4100 1373 4381">
    <p class='ocr_par' dir='ltr' id='par_1_12' title="bbox 517 4100 1372 4163">
     <span class='ocr_line' id='line_1_38' title="bbox 517 4100 1372 4163; baseline 0.008 -16"><span class='ocrx_word' id='word_1_239' title='bbox 517 4135 523 4147; x_wconf 91' lang='lat'>.</span> <span class='ocrx_word' id='word_1_240' title='bbox 875 4100 882 4128; x_wconf 86' lang='lat'>&#39;</span> <span class='ocrx_word' id='word_1_241' title='bbox 906 4107 964 4163; x_wconf 83' lang='lat' dir='ltr'>part</span> <span class='ocrx_word' id='word_1_242' title='bbox 979 4101 1008 4151; x_wconf 82' lang='lat' dir='ltr'>of</span> <span class='ocrx_word' id='word_1_243' title='bbox 1023 4104 1088 4153; x_wconf 90' lang='lat' dir='ltr'>their</span> <span class='ocrx_word' id='word_1_244' title='bbox 1103 4106 1189 4155; x_wconf 89' lang='lat' dir='ltr'>march</span> <span class='ocrx_word' id='word_1_245' title='bbox 1207 4107 1230 4155; x_wconf 88' lang='lat' dir='ltr'>is</span> <span class='ocrx_word' id='word_1_246' title='bbox 1245 4111 1311 4155; x_wconf 87' lang='lat' dir='ltr'>most</span> <span class='ocrx_word' id='word_1_247' title='bbox 1329 4121 1372 4155; x_wconf 90' lang='lat' dir='ltr'>ac·</span> 
     </span>
    </p>

    <p class='ocr_par' dir='ltr' id='par_1_13' title="bbox 419 4132 1373 4308">
     <span class='ocr_line' id='line_1_39' title="bbox 419 4132 1371 4233; baseline 0.013 -20"><span class='ocrx_word' id='word_1_248' title='bbox 419 4150 488 4184; x_wconf 54' lang='lat' dir='ltr'>⁰¹³ae</span> <span class='ocrx_word' id='word_1_249' title='bbox 499 4138 561 4198; x_wconf 49' lang='grc' dir='ltr'>Μ’</span> <span class='ocrx_word' id='word_1_250' title='bbox 573 4133 602 4183; x_wconf 69' lang='lat' dir='ltr'>S·</span> <span class='ocrx_word' id='word_1_251' title='bbox 620 4132 768 4200; x_wconf 41' lang='grc' dir='ltr'>(ΝΜ)</span> <span class='ocrx_word' id='word_1_252' title='bbox 907 4172 1020 4233; x_wconf 82' lang='lat' dir='ltr'>curately</span> <span class='ocrx_word' id='word_1_253' title='bbox 1042 4175 1129 4223; x_wconf 88' lang='lat' dir='ltr'>traeed</span> <span class='ocrx_word' id='word_1_254' title='bbox 1151 4177 1177 4224; x_wconf 92' lang='lat' dir='ltr'>in</span> <span class='ocrx_word' id='word_1_255' title='bbox 1200 4176 1371 4225; x_wconf 88' lang='lat' dir='ltr'>Maundrell&#39;s</span> 
     </span>
     <span class='ocr_line' id='line_1_40' title="bbox 454 4234 1373 4308; baseline 0.012 -23"><span class='ocrx_word' id='word_1_256' title='bbox 454 4234 537 4286; x_wconf 65' lang='grc' dir='ltr'>Πίον</span> <span class='ocrx_word' id='word_1_257' title='bbox 558 4236 661 4297; x_wconf 68' lang='lat' dir='ltr'>adorta]</span> <span class='ocrx_word' id='word_1_258' title='bbox 686 4237 720 4287; x_wconf 90' lang='lat' dir='ltr'>D.</span> <span class='ocrx_word' id='word_1_259' title='bbox 741 4238 790 4299; x_wconf 85' lang='lat' dir='ltr'>E.;</span> <span class='ocrx_word' id='word_1_260' title='bbox 813 4238 880 4287; x_wconf 82' lang='lat' dir='ltr'>vium</span> <span class='ocrx_word' id='word_1_261' title='bbox 906 4244 1020 4304; x_wconf 81' lang='lat' dir='ltr'>Journey</span> <span class='ocrx_word' id='word_1_262' title='bbox 1031 4242 1094 4292; x_wconf 87' lang='lat' dir='ltr'>from</span> <span class='ocrx_word' id='word_1_263' title='bbox 1104 4245 1207 4308; x_wconf 87' lang='lat' dir='ltr'>Aleppo</span> <span class='ocrx_word' id='word_1_264' title='bbox 1225 4251 1251 4295; x_wconf 89' lang='lat' dir='ltr'>to</span> <span class='ocrx_word' id='word_1_265' title='bbox 1265 4248 1373 4297; x_wconf 85' lang='lat' dir='ltr'>Jerusa-</span> 
     </span>
    </p>

    <p class='ocr_par' dir='ltr' id='par_1_14' title="bbox 419 4305 1163 4381">
     <span class='ocr_line' id='line_1_41' title="bbox 419 4305 1163 4381; baseline 0.013 -27"><span class='ocrx_word' id='word_1_266' title='bbox 419 4305 681 4370; x_wconf 75' lang='lat' dir='ltr'>mouu,n.ac.n.</span> <span class='ocrx_word' id='word_1_267' title='bbox 906 4309 1163 4381; x_wconf 73' lang='lat' dir='ltr'>antron-cr).</span> 
     </span>
    </p>
   </div>
   <div class='ocr_carea' id='block_1_13' title="bbox 0 0 1554 5050">
    <p class='ocr_par' dir='ltr' id='par_1_15' title="bbox 0 0 1554 5050">
     <span class='ocr_line' id='line_1_42' title="bbox 0 0 1554 5050; baseline 0 0"><span class='ocrx_word' id='word_1_268' title='bbox 0 0 1554 5050; x_wconf 95' lang='lat' dir='ltr'> </span> 
     </span>
    </p>
   </div>
  </div>
 </body>
</html>
