3100 5050
195 471 267 518 mn.
286 457 353 538 1v.]
429 473 542 522 onsru
567 474 694 524 nucum
717 473 933 524 Ancuonuu.
1086 459 1153 523 503

196 640 233 698 et
247 641 430 700 ventorum
452 635 670 701 clementiam
687 636 873 721 operiatur.
925 635 1083 718 ‘Atqui'
1099 638 1152 700 in-

197 735 275 817 quit
296 756 372 815 rex,
395 741 597 821 ‘uunquam
615 738 733 802 audivi
755 757 871 819 regem
894 736 1077 818 naufragio
1098 737 1151 802 in-

196 836 346 904 teriisse.
399 835 493 916 Quin
507 837 624 920 potius
640 837 765 903 solvite
788 837 980 902 retinacula
997 837 1150 918 navium,

195 935 361 1002 videbitis
382 937 552 1003 elementa
572 938 647 1022 jam
670 939 870 1022 conspirata
888 939 925 1002 in
950 956 1065 1001 meum
1087 939 1150 1003 ob·

197 1037 380 1119 sequium!
433 1037 547 1102 Ponto
570 1038 731 1118 transito,
758 1039 968 1116 obsessores,
983 1039 1060 1122 ejus
1086 1057 1148 1102 au·

196 1135 274 1201 dita
297 1137 402 1215 fama,
425 1137 612 1204 dissiliunt.
664 1137 799 1204 Auctor
814 1141 1006 1217 turbarum,
1024 1137 1150 1202 Helias

198 1237 354 1318 quidam,
378 1239 717 1321 capitu13cuiante
740 1258 777 1303 se
801 1240 952 1304 adducto
972 1258 1036 1303 rex
1059 1238 1148 1302 ludi·

196 1337 347 1416 bunduS,
366 1337 516 1404 ‘Habeo
538 1346 585 1418 te,
601 1341 768 1423 magister
778 1338 799 1405 i'
816 1334 935 1404 ¹dixit.
985 1333 1051 1403 ²At
1063 1359 1149 1404 vcro

197 1437 294 1502 illius
310 1439 383 1504 alta
406 1439 581 1518 nobilitas,
596 1459 675 1524 quae
691 1441 841 1505 nesciret
865 1440 901 1503 in
921 1447 1021 1504 tanto
1044 1440 1150 1503 etiam

195 1537 351 1620 periculo
377 1532 538 1603 ³humilia
561 1559 695 1623 sapere,
722 1540 867 1604 humilia
889 1540 1009 1624 loqui:
1042 1539 1149 1604 ‘For-

199 1636 319 1717 cuitu:
346 1639 472 1722 inquit,
495 1645 573 1704 ‘me
594 1640 737 1723 cepisti3
766 1641 828 1704 sed
852 1641 883 1704 si
909 1658 1046 1723 possem
1068 1659 1150 1704 eva-

195 1737 292 1816 dere,
312 1740 395 1804 novi
418 1739 501 1822 quid
523 1740 696 1808 facerem!
747 1739 838 1807 Tum
852 1740 1061 1816 Willelmus,
1075 1758 1149 1828 prce

195 1837 314 1903 furore
328 1839 399 1904 fere
414 1846 516 1914 extra
532 1860 570 1904 se
592 1841 739 1924 positus,
748 1848 785 1905 ct
800 1842 978 1908 obuncans
995 1838 1149 1918 Heliam,

195 1938 300 2015 ‘Tu,'
311 1940 438 2023 iuquit,
448 1946 458 1975 ‘
469 1941 614 2007 nebulo!
632 1949 682 2018 tu,
698 1941 781 2024 quid
797 1941 954 2006 faceres?
987 1939 1149 2017 Discede,

197 2039 270 2116 abi,
295 2039 398 2122 fuge!
435 2041 590 2105 concedo
613 2042 678 2106 tibi
702 2048 742 2106 ut
766 2041 876 2106 facias
899 2039 1062 2125 quicquid
1087 2059 1150 2122 po-

195 2138 304 2204 teris:
329 2147 376 2218 et,
391 2161 453 2224 per
466 2140 601 2205 vultum
623 2141 666 2205 de
684 2141 799 2206 Luca!
824 2142 922 2219 nihil,
942 2141 973 2204 si
986 2159 1042 2204 me
1055 2140 1148 2205 vice·

195 2239 259 2317 ris,
285 2260 348 2322 pro
372 2240 439 2304 hac
465 2241 568 2306 venia
582 2249 696 2306 tecum
714 2241 894 2324 paciscar?
944 2235 1040 2305 *Nec
1064 2239 1150 2304 infe·

196 2339 271 2402 rius
294 2339 425 2405 factum
440 2343 546 2407 verbo
562 2341 640 2419 fuit,
657 2341 719 2406 sed
742 2343 907 2406 continuo
922 2341 1053 2405 dimisit
1066 2358 1149 2405 eva·

194 2439 293 2518 dere,
307 2441 453 2505 miratus
474 2442 592 2524 potius
613 2461 719 2524 quam
740 2443 931 2507 insectatus
949 2441 1148 2523 fugientem.

199 2539 291 2619 Quis
307 2542 393 2607 talia
407 2542 452 2606 de
465 2542 631 2607 illiterato
648 2542 786 2607 homine
800 2543 978 2607 crederet?
1019 2542 1065 2607 Et
1080 2540 1150 2604 sor·

198 2642 305 2706 tussis
331 2643 399 2708 crit
426 2642 553 2727 aliquis
575 2641 652 2725 qui,
676 2637 879 2707 ⁶Lucanum
904 2643 1037 2725 legens,
1060 2641 1150 2705 falso

199 2742 363 2825 opinetur
376 2742 592 2808 Willelmum
614 2743 689 2807 hoec
712 2743 873 2826 exempla
891 2744 936 2807 de
952 2742 975 2807 J
978 2743 1049 2807 ulio
1072 2740 1150 2805 Cae-

196 2860 278 2905 sare
300 2849 498 2907 mutuatum
525 2861 625 2907 esse:
663 2843 723 2907 scd
753 2863 824 2907 non
850 2851 927 2910 erat
951 2844 984 2907 ei
1015 2848 1150 2907 tantum

196 2942 307 3007 studii
322 2943 379 3007 vel
400 2943 464 3007 otii
486 2950 527 3007 ut
548 2942 669 3007 literas
693 2962 849 3027 unquam
868 2943 1023 3022 audiret3
1046 2942 1151 3005 immo

196 3042 295 3107 calor
321 3035 464 3107 ⁶mentis
488 3043 677 3126 ingenitus
702 3051 737 3108 et
763 3042 903 3107 conscia
926 3043 1050 3119 virtus,
1072 3060 1151 3105 enm

195 3143 285 3207 talia
299 3144 492 3226 exprimere
507 3144 692 3226 cogebant.
744 3143 792 3207 Et
805 3142 974 3226 profecto,
991 3142 1021 3205 si
1031 3140 1152 3207 Chris·

195 3243 341 3308 tianitas
363 3250 485 3308 nostra
506 3251 697 3327 pateretur,
724 3243 815 3308 sicut
838 3243 921 3307 olim
946 3242 1064 3306 anima
1081 3241 1151 3304 Eu-

195 3342 301 3407 forbii
315 3345 483 3409 transisse
495 3344 590 3407 dicta
603 3351 659 3409 est
674 3344 710 3407 iu
728 3342 970 3428 Pythagoram
985 3342 1148 3417 Samium,

234 3648 357 3717 waic]
372 3652 407 3705 A.
421 3654 451 3703 0.
464 3653 499 3703 D.
511 3654 543 3703 E.
556 3652 606 3713 1..;
626 3652 664 3703 in·
689 3652 828 3701 Robertde
840 3650 954 3701 Benene
971 3654 997 3701 in
1009 3655 1083 3713 1⁰98,
1102 3653 1153 3702 und

196 3722 360 3841 quffi'em
377 3790 448 3842 tora
469 3794 521 3841 nea
539 3790 655 3841 tourtam
689 3722 1153 3853 dfflgffssgffilsseeffissiwffii

194 3878 252 3927 quoe
270 3863 395 3927 nesciret]
412 3862 446 3913 A.
464 3863 500 3913 D.
517 3863 550 3911 E.
572 3862 621 3922 L.;
638 3826 666 3911 at
689 3808 865 3912 {offenderet
872 3861 915 3911 the
926 3863 979 3923 city
989 3862 1019 3911 oi
1027 3808 1113 3924 ἦιξα,
1123 3878 1153 3912 as

196 3934 252 3994 ille,
263 3934 339 3995 cujus
351 3934 405 3983 alta
414 3933 535 3983 nobilitas
546 3932 666 3993 nesciret,
689 3934 799 3982 tesfified
809 3934 844 3994 by
856 3932 995 3981 Ordericm
1005 3932 1108 3983 vitalis.

198 4003 395 4135 ⁸⁸3⁰l'1milia4
412 4071 446 4121 A.
463 4074 492 4123 c·
511 4072 544 4121 D·
563 4072 597 4121 E·
615 4072 666 4132 L&
691 4030 893 4153 filgirzcoggona]
909 4033 1054 4095 Pharsalia,
1063 4034 1109 4084 lib.
1123 4048 1153 4083 11.

195 4144 340 4192 omittedin
352 4144 381 4192 S.
749 4140 757 4165 '
791 4139 798 4154 '
861 4139 867 4153 '

233 4212 310 4263 ⁴Nec
334 4248 341 4263 .
355 4248 361 4263 .
375 4248 382 4263 .
398 4211 562 4274 fugientem]
587 4209 666 4259 Helie
726 4203 865 4268 ⁶Meatia]
876 4204 911 4257 A.
924 4206 952 4257 S.
964 4206 994 4256 C.
1005 4206 1036 4256 D.
1045 4206 1153 4266 E2.L.;

196 4288 280 4334 comte
291 4284 324 4333 de
336 4284 434 4346 Maiae,
445 4283 521 4344 being
538 4282 616 4331 taken
632 4282 667 4342 by
691 4277 796 4327 omitted
807 4277 834 4325 in
845 4278 868 4325 E
878 4280 901 4326 1.

964 4367 979 4411 2
993 4375 1006 4409 ι
1018 4367 1033 4412 2
