3100 5050
423 487 489 552 740
708 498 882 548 ursroam
906 499 1083 549 novumn.
1214 486 1304 568 [ma.
1322 501 1378 549 111.

424 661 588 746 Iniquum
603 660 639 725 id
656 661 768 727 visum
794 659 925 737 multis,
941 659 1024 743 quia
1042 656 1152 744 (sicut
1168 653 1261 743 dixi)
1278 657 1377 724 nulla

423 763 619 846 suspicione
640 762 794 827 rancoris
818 762 928 825 abeis
946 766 1028 824 ante
1049 760 1175 824 festum
1197 761 1374 824 abscesse-

422 871 490 941 rat,
506 883 568 928 nec
585 862 687 928 modo
702 883 798 927 more
814 861 986 945 m'ajorum
1003 861 1192 926 amicitiam
1208 880 1308 925 suam
1325 862 1375 926 eis

422 963 663 1042 interdixerat,
674 963 766 1048 quod
779 960 958 1027 Diffidiare
969 961 1099 1026 dicunt.
1135 960 1247 1027 Porro
1259 981 1375 1026 comes

423 1064 630 1143 Castrensis,
657 1065 816 1148 quamvis
837 1063 980 1147 ancipiti
1009 1062 1163 1146 periculo
1184 1062 1376 1142 involutus,

422 1166 529 1249 probe
548 1172 665 1230 tamen
690 1164 827 1231 castelli
843 1163 1023 1247 angustias
1049 1164 1184 1228 evasit:
1219 1183 1291 1228 non
1314 1164 1375 1228 de-

421 1268 503 1332 finio
518 1287 588 1351 qua
603 1265 780 1346 versutia3
806 1266 881 1331 sive
907 1283 1077 1329 consensu
1094 1263 1289 1348 aliquorum
1313 1267 1375 1330 ob·

421 1368 628 1446 sidentium
665 1368 750 1445 sive,
783 1367 866 1448 quia
894 1365 1006 1431 virtus
1038 1365 1252 1449 deprehensa
1284 1365 1376 1430 solet

421 1469 541 1535 multis
565 1468 676 1533 modis
703 1485 871 1551 quaerere,
904 1473 940 1530 ot
971 1464 1175 1550 plaerunque
1206 1467 1375 1546 invenire,

421 1569 617 1636 consilium.
669 1568 796 1650 Itaque
819 1586 890 1631 non
907 1574 1093 1632 contentus
1110 1586 1175 1631 sua
1196 1567 1310 1632 solum
1332 1567 1374 1632 li-

421 1669 610 1748 beratione,
628 1668 670 1732 de
686 1668 800 1733 salute
814 1667 931 1732 fratris
948 1674 984 1731 et
994 1669 1127 1744 uxoris,
1138 1687 1227 1751 quos
1240 1669 1278 1733 in
1295 1687 1373 1732 cas·

422 1771 505 1835 tello
522 1769 721 1855 reliquerat,
744 1768 926 1847 sollicitus,
944 1769 1097 1833 animum
1118 1775 1237 1852 partes
1251 1788 1375 1835 versa-

421 1872 483 1936 bat
495 1870 532 1933 in
550 1889 677 1935 omnes.
730 1868 856 1940 Senior
877 1870 1050 1933 sententia
1065 1869 1143 1934 visa
1168 1868 1329 1953 flagitare
1351 1890 1375 1935 a

422 1991 542 2036 socero
557 1971 738 2048 auxilium,
755 1970 916 2053 quamvis
931 1969 1065 2035 animos
1080 1969 1156 2054 ejus
1165 1970 1373 2055 jamdudum

422 2072 597 2137 nonnullis
622 2091 667 2137 ex
688 2071 803 2136 causis
826 2070 1036 2149 offendisset,
1060 2072 1212 2135 maxime
1234 2073 1318 2155 quia
1338 2072 1376 2136 in

348 2167 351 2173 ’
422 2180 545 2238 neutro
571 2172 680 2237 latere
705 2170 796 2235 fidus
818 2172 994 2237 videretur
1018 2191 1107 2236 esso.
1166 2172 1268 2239 Misit
1290 2193 1375 2255 ergo

421 2281 623 2357 perpetuam
646 2291 709 2356 per
727 2272 872 2337 nuncios
891 2279 1017 2356 pactus
1039 2271 1243 2338 fidelitatem
1264 2274 1376 2357 impe-

421 2375 550 2452 ratrici,
575 2374 617 2451 si,
643 2380 803 2456 respectu
826 2373 969 2457 pietatis
995 2373 1107 2455 magis
1135 2393 1241 2456 quam
1267 2374 1372 2438 ullius

422 2476 477 2541 sui
504 2474 628 2552 meriti,
654 2474 903 2557 periclitantes,
930 2473 990 2557 qui
1016 2473 1053 2538 in
1081 2473 1167 2559 ipsis
1199 2475 1373 2560 captionis

421 2576 578 2641 faucibus
593 2575 811 2654 tenebantur,
828 2574 995 2641 eximeret
1011 2574 1161 2659 injuriae.

438 2770 613 2831 QUOMODO
636 2770 753 2818 OOMES
776 2768 1017 2817 GLOEOESTRAE
1041 2766 1232 2816 ROBERTUS
1256 2766 1361 2815 llilil'l'

604 2871 654 2920 AO
678 2870 981 2920 SUOOURRENDUM
1006 2868 1181 2917 onsussls.

258 2997 335 3088 m
342 2996 409 3089 3531:
472 2979 561 3064 539.
585 2978 669 3044 Non
695 2978 818 3045 habuit
838 2998 954 3043 comes
974 2976 1188 3043 Gloeoestrae
1216 2974 1374 3042 difficiles

258 3100 395 3140 cavean·
421 3100 535 3160 aures,
548 3080 792 3163 indignitatem
816 3078 868 3143 rei
890 3097 959 3142 non
982 3078 1117 3157 ferens3
1140 3078 1244 3142 simul
1265 3078 1372 3143 etiam

258 3148 325 3189 ’Μ’
419 3188 589 3264 pertaesus
611 3200 729 3258 morea,
744 3181 828 3264 quia
847 3179 1114 3263 praeclarissima
1127 3179 1242 3262 patria
1264 3198 1373 3244 causa

420 3281 566 3346 duorum
597 3280 772 3346 hominum
800 3278 973 3345 intestinis
1002 3279 1135 3363 rapinis
1158 3285 1194 3343 et
1219 3279 1373 3344 caedibus

420 3383 625 3460 vexabatur,
652 3381 775 3445 maluit
791 3380 840 3468 (si
863 3380 961 3445 Deus
988 3375 1220 3465 permisisset)
1240 3400 1314 3445 rem
1335 3380 1372 3444 in

420 3489 593 3547 extremos
621 3481 790 3546 deducere
816 3500 930 3545 casus.
981 3480 1154 3564 Sperabat
1183 3481 1288 3545 etiam
1320 3480 1375 3545 di·

420 3583 540 3648 vinum
557 3584 604 3647 ‘in
634 3583 774 3667 incepto
803 3581 970 3658 savorem,
998 3581 1083 3664 quia
1116 3600 1179 3649 rex
1206 3601 1373 3664 generum

353 3682 355 3687 ’
420 3702 523 3748 suum
545 3682 650 3747 nullis
675 3682 752 3767 ejus
774 3683 887 3766 culpis
912 3680 1153 3765 injuriaverat,
1178 3682 1286 3746 filiam
1309 3683 1373 3747 ob·

421 3783 567 3861 sidebat,
583 3783 763 3849 ecclesiam
785 3785 898 3847 beatae
909 3782 977 3847 Dei
994 3780 1173 3865 genitricis
1186 3782 1229 3846 de
1241 3781 1372 3847 Lindo·

421 3884 535 3949 colino
559 3884 850 3949 incastellaverat.
903 3881 994 3947 Haec
1012 3883 1134 3966 quanti
1160 3882 1253 3966 apud
1275 3903 1373 3950 men·

420 3990 490 4049 tem
513 3985 678 4068 principis
702 4003 779 4049 esse
796 3984 992 4048 debebantl
1045 3982 1172 4048 Nonne
1188 3991 1374 4067 praestaret

420 4086 508 4151 mori
527 4092 562 4150 et
579 4086 728 4169 gloriose
750 4085 963 4162 occumbere,
978 4102 1083 4167 quam
1105 4091 1178 4149 tam
1199 4084 1374 4167 insignem

419 4186 662 4252 contumeliam
679 4185 779 4269 petil
818 4183 1018 4249 Ulciscendi
1035 4204 1119 4268 ergo
1135 4204 1242 4251 causa
1256 4186 1372 4252 Deum

416 4286 453 4353 'et
478 4308 643 4366 sororem,
667 4287 838 4370 simulque
871 4286 1142 4353 necessitudines
1171 4305 1255 4352 suas
1284 4286 1373 4355 libo·
