3100 5050
159 532 229 579 nrn.
248 517 313 598 rv.]
395 533 509 582 unsri
532 534 659 583 nucum
684 533 896 585 ANGLORUM.
1048 519 1117 584 495

160 689 231 768 vit;
255 689 307 752 ita
319 683 356 753 in
373 689 448 773 ejus
464 689 582 754 furtim
604 699 726 774 pectus
739 692 828 757 vitia
850 712 913 774 pro
928 690 1116 754 virtutibus

162 790 350 871 serpebant
365 797 406 853 ut
424 791 618 854 discernere
633 792 803 874 nequiret.
854 791 927 855 Diu
942 789 1117 855 dubitavit

162 889 312 952 mundus
334 909 404 973 quo
426 891 566 954 tandem
581 898 751 972 vergeret,
768 910 838 974 quo
860 911 898 955 se
920 891 1116 968 inclinaret,

161 988 298 1053 indoles
325 989 429 1052 illius.
484 990 582 1054 Inter
607 991 718 1068 initia,
746 992 886 1055 vivente
920 989 1118 1056 Laniranco

162 1087 435 1172 archiepiscopo,
467 1091 511 1154 ab
538 1091 631 1154 omni
659 1091 801 1154 crimine
828 1090 1047 1168 abhorrebat,
1077 1097 1118 1155 ut

161 1189 304 1253 unicum
337 1187 411 1252 fore
434 1209 555 1272 regum
583 1191 760 1274 speculum
789 1191 1009 1273 speraretur3
1047 1209 1117 1274 quo

161 1287 341 1366 defuncto,
363 1289 566 1372 aliquandiu
582 1291 718 1354 varium
740 1309 778 1354 se
804 1290 968 1373 praestitit
990 1290 1118 1372 aequali

162 1389 264 1480 lance
292 1389 454 1453 vitiorum
479 1397 584 1473 atque
607 1375 798 1454 virtutum:
817 1390 893 1473 jam
915 1409 1010 1467 vero,
1037 1409 1117 1472 pos·

162 1489 285 1552 tremis
305 1489 405 1552 annis
425 1484 610 1554 ¹bon0rum
626 1491 765 1572 gelante
789 1489 917 1566 studio,
932 1489 1119 1554 incommo-

163 1587 290 1652 dorum
306 1581 426 1670 ²seges
446 1608 667 1654 succrescens
694 1589 851 1654 incaluit.
903 1588 950 1652 Et
970 1595 1046 1653 erat
1067 1590 1119 1653 ita

162 1688 318 1752 liberalis
346 1690 437 1772 quod
469 1690 646 1772 prodigus,
675 1689 727 1754 ita
755 1689 998 1771 magnanimus
1025 1689 1118 1772 quod

162 1790 347 1871 superbus,
360 1789 412 1853 ita
435 1808 576 1854 severus
592 1790 684 1873 quod
708 1809 835 1853 saevus.
887 1783 1007 1852 Liceat
1029 1789 1119 1852 enim

163 1887 262 1964 mihi,
286 1908 372 1971 pace
394 1889 587 1972 majestatis
607 1890 723 1971 regiae,
745 1908 864 1954 verum
891 1908 960 1952 non
982 1889 1121 1952 occulu-

162 1988 254 2066 isse3
292 1989 375 2071 quia
396 1989 463 2053 iste
489 2009 611 2072 pamm
636 1989 750 2053 Deum
776 1989 1009 2064 reverebatur,
1034 1987 1120 2051 nihil

163 2087 342 2152 homines:
372 2090 464 2171 quod
490 2089 713 2153 indiscretum
739 2088 769 2152 si
796 2089 874 2171 quis
900 2087 1028 2151 dixerit
1049 2107 1119 2151 non

166 2188 346 2270 peccabit,
361 2189 444 2271 quia
469 2206 490 2252 a
515 2190 731 2271 sapientibus
758 2188 908 2252 tenenda
931 2187 978 2250 sit
1004 2186 1121 2250 mode·

165 2289 271 2365 ratio,
285 2295 325 2351 ut
338 2288 436 2352 Deus
455 2289 618 2352 timeatur
639 2289 732 2353 omni
751 2294 917 2370 tempore,
932 2285 1035 2350 homo
1056 2306 1119 2369 pro

167 2395 335 2470 tempore.
388 2387 473 2452 Erat
494 2388 524 2451 is
541 2387 625 2453 foris
641 2396 676 2452 et
697 2389 733 2452 in
752 2393 925 2450 conventu
943 2385 1119 2450 homiuum

165 2487 301 2553 tumido
317 2487 415 2553 vultu
441 2495 589 2566 erectus,
606 2489 732 2553 minaci
748 2487 849 2551 oculo
867 2492 1039 2551 astantem
1057 2486 1117 2551 de·

165 2588 291 2670 figens,
306 2595 341 2652 et
364 2588 526 2654 affectato
547 2590 661 2670 rigore
683 2589 790 2652 feroci
808 2607 892 2652 voce
915 2586 1115 2669 colloquen-

167 2696 239 2752 tem
252 2689 476 2752 reverberans
490 2710 498 2768 ;
513 2686 682 2772 quantum
697 2688 886 2771 conjectari
899 2686 1014 2763 datur,
1023 2693 1117 2751 metu

165 2788 295 2870 inopiae
318 2796 354 2851 et
372 2788 518 2852 aliorum
543 2790 696 2872 perfidiae
721 2788 800 2871 plus
825 2787 923 2871 justo
950 2787 1055 2850 lucris
1081 2794 1117 2851 et

167 2887 349 2952 severitati
371 2887 519 2953 deditus
570 2888 673 2952 Intus
690 2896 725 2951 et
739 2888 777 2951 in
790 2888 941 2951 triclinio
958 2906 1035 2949 cum
1049 2885 1119 2969 pri-

167 2989 273 3065 vatiS,
304 2989 398 3059 omni
426 2982 587 3052 ³lenitate
619 2987 873 3064 accommodus,
902 2986 1013 3050 multa
1036 2986 1119 3069 joco

168 3089 407 3169 transigebat3
438 3088 668 3152 facetissimus
688 3107 826 3170 quoque
848 3086 890 3150 de
911 3086 1030 3169 aliquo
1054 3105 1119 3150 suo

167 3207 351 3271 perperam
364 3189 457 3252 facto
479 3188 673 3265 cavillator,
686 3195 726 3252 ut
744 3185 910 3272 invidiam
924 3186 1007 3250 facti
1028 3186 1118 3249 dilu-

168 3294 243 3351 eret
265 3294 301 3351 et
322 3288 367 3351 ad
387 3288 478 3351 sales
492 3288 705 3352 transferret.
757 3286 825 3351 Sed
847 3286 890 3349 de
911 3286 1119 3350 liberalitate

170 3388 246 3471 ejus
262 3406 332 3470 qua
348 3407 385 3451 se
400 3388 514 3470 ipsum
528 3388 683 3465 fallebat,
698 3393 780 3470 post
793 3385 898 3449 etiam
913 3385 956 3449 de
969 3386 1117 3463 caeteris,

170 3507 283 3551 sermo
306 3488 475 3570 prolixior
498 3488 575 3565 erit,
603 3494 643 3551 ut
672 3486 854 3551 ostendam
876 3491 1009 3568 quanta
1033 3486 1119 3549 vitia

169 3588 204 3651 in
217 3608 261 3651 eo
276 3589 340 3651 sub
356 3594 531 3671 praetextu
543 3588 711 3651 virtutum
725 3585 941 3668 pullularint.

221 3687 334 3771 §aia
357 3687 447 3752 Sunt
472 3686 562 3751 enim
588 3687 657 3751 duo
681 3685 822 3750 omnino
850 3702 978 3766 genera
1004 3683 1281 3793 largo-pupione*

171 3787 272 3866 Μὴ
307 3787 408 3851 alteri
441 3786 589 3869 prodigi,
622 3786 721 3851 alteri
753 3784 913 3849 liberares
946 3783 1116 3847 dicuntur.
1146 3757 1176 3804 ‘³‘

172 3886 317 3970 Prodigi
334 3895 427 3963 sunt,
441 3888 501 3970 qui
523 3888 559 3949 in
582 3906 625 3949 ea
648 3885 812 3970 pecunias
834 3903 915 3948 suas
939 3882 1118 3947 effundunt

207 4126 215 4159 ¹
227 4129 369 4177 Bormum.
382 4162 389 4177 .
402 4162 409 4177 .
421 4122 548 4192 incaluit]
563 4126 590 4177 S.
601 4128 631 4176 C.
694 4121 705 4157 ²
717 4124 815 4187 Sagra]
833 4125 863 4174 S.
876 4126 906 4175 C.
924 4125 975 4185 E.;
991 4137 1065 4187 seges
1081 4127 1120 4176 vel

172 4200 206 4247 D.
217 4200 267 4259 E.;
283 4198 351 4247 omni
370 4198 470 4259 gelante
487 4197 572 4247 studio
583 4198 632 4246 vir·
658 4196 788 4259 segnities,
799 4195 834 4245 D.

172 4274 264 4329 tutum,
273 4268 391 4316 vitiorum
403 4268 429 4315 in
440 4283 470 4317 eo
482 4268 550 4317 calor
560 4268 633 4316 effer·
693 4264 848 4329 ³Lenitcte.]
873 4264 908 4313 D.
932 4264 965 4312 Ε.
988 4265 1034 4327 L.;
1057 4265 1120 4314 levi·

170 4340 234 4403 buit,
245 4338 278 4388 A.
290 4337 322 4387 L.
658 4336 714 4398 tati,
724 4336 769 4396 ἃς
784 4335 891 4397 lenitati,
902 4333 936 4384 A.
950 4336 980 4383 G.
