3100 5050
398 495 465 560 678
629 510 743 558 cnsrn
766 508 895 560 sucus
919 505 1133 556 nsunonuu.
1218 489 1302 570 [mn.
1319 502 1349 548 v.

400 672 466 737 sihi
489 671 751 749 consuetudine,
767 672 854 736 etin
870 670 1021 735 transitu
1035 667 1147 733 sancti
1162 664 1352 741 Benedicti,

402 780 438 838 et
453 773 491 836 in
516 771 708 836 festivitate
732 779 866 836 sanetae
884 771 1008 834 Marias
1023 789 1102 852 quae
1116 765 1353 832 Annunciatio

403 872 590 940 Dominica
604 870 742 950 dicitur,
759 871 925 956 majorem
948 870 1090 934 missam
1115 869 1152 931 in
1177 871 1352 930 conventu

404 973 606 1048 celebraret,
618 965 670 1036 ¹et
684 980 811 1038 octavo
828 991 850 1036 a
864 970 1031 1055 praedicto
1044 969 1158 1034 sancti
1173 965 1353 1032 Benedicti

404 1074 554 1138 transitu
576 1071 631 1135 die
653 1080 853 1154 praeventns
875 1071 1087 1147 infirmitate,
1102 1075 1229 1134 octavo
1252 1065 1353 1128 nihil-

404 1174 540 1238 ominus
555 1173 612 1237 die
626 1173 671 1235 ab
686 1172 967 1239 Annunciatione
984 1170 1170 1234 Dominica
1188 1167 1354 1247 migraret
1400 1251 1405 1256 .
1531 1255 1532 1258 Ἴ

404 1274 450 1338 ad
467 1273 657 1338 Christum.
695 1272 823 1356 Igitur,
834 1273 895 1356 qui
911 1273 1020 1336 vitam
1034 1269 1165 1334 domi-ni
1180 1263 1353 1331 Lanzonis

404 1375 556 1456 ignorat,
583 1392 686 1455 quam
708 1374 850 1456 placens
874 1372 951 1435 Deo
973 1371 1078 1434 fuerit
1100 1367 1235 1434 ex'finc
1258 1365 1353 1430 colli-

405 1481 487 1557 gat3
510 1493 574 1537 nec
592 1473 724 1539 usitato
748 1472 968 1538 morientium
988 1491 1083 1536 more
1109 1469 1278 1553 praedicta
1303 1465 1354 1528 illi

404 1573 592 1655 contigisse
607 1575 786 1639 nobiscum
804 1571 935 1648 credat,
947 1590 1050 1655 quem
1066 1570 1217 1654 Spiritus
1235 1565 1354 1631 Sancti

404 1673 671 1738 charismatibus
687 1675 822 1739 nemine
839 1671 942 1756 hujus
961 1672 1125 1754 temporis
1142 1667 1287 1734 inferius
1304 1665 1353 1728 di·

404 1780 518 1838 tatum
530 1773 654 1837 sciat.”

541 1963 588 2009 nu
611 1960 818 2009 conusmno
842 1961 979 2008 ruloan
1002 1957 1212 2008 wisuoNIAE.

318 2091 332 2130 r
456 2071 565 2154 5444.
590 2069 665 2134 Nec
689 2070 857 2133 memoria
881 2061 1081 2133 ²Gudesridi
1106 2067 1232 2150 prioris
1254 2066 1352 2130 Win-

263 2192 279 2220 r·
405 2171 573 2235 toniensis
598 2169 650 2233 ire
671 2170 774 2234 debet
795 2170 832 2233 in
854 2170 1039 2252 perditum,
1063 2168 1122 2251 qui
1144 2166 1354 2250 temporibus

404 2270 459 2334 his
473 2271 656 2335 literatura
678 2277 714 2334 et
732 2268 900 2351 religione
925 2268 1072 2350 insignis
1088 2268 1165 2332 fuit.
1219 2266 1353 2331 Litern-

403 2379 518 2435 turam
533 2377 772 2454 protestantur
785 2369 865 2433 libri
881 2370 1009 2452 plures,
1024 2376 1060 2433 ot
1075 2367 1232 2451 epistolae
1256 2367 1354 2430 fami-

392 2471 483 2535 liari
509 2471 571 2536 illo
598 2480 634 2538 et
663 2471 755 2535 dulci
778 2470 871 2553 stylo
893 2469 1017 2549 editae3
1041 2469 1259 2551 maximeque
1281 2466 1353 2550 epi·

404 2579 610 2653 grammata,
624 2591 702 2655 quae
717 2572 868 2653 satyrico
883 2570 987 2635 modo
1002 2570 1164 2647 absolvit,
1182 2575 1354 2652 praeterea

404 2691 525 2736 versus
549 2673 592 2735 de
625 2672 812 2755 primatum
838 2668 978 2753 Angliae
1002 2670 1175 2735 laudibus.
1227 2668 1352 2748 Quid?

403 2791 505 2835 omne
519 2772 674 2837 divinum
689 2770 851 2847 officium,
868 2771 962 2853 quod
983 2771 1113 2852 agresti
1128 2768 1279 2852 quadam
1293 2788 1353 2833 ve-

403 2878 535 2936 tustate
559 2872 764 2948 obsoletum,
789 2891 852 2954 per
875 2870 1081 2935 industriam
1107 2888 1207 2935 suam
1231 2869 1354 2934 nativa

402 2973 581 3036 excultum
597 2978 782 3037 venustate
804 2970 887 3035 fecit
902 2972 1103 3035 enitescere.
1155 2968 1352 3051 Religionis

403 3080 439 3136 et
454 3071 703 3156 hospitalitatis
721 3090 877 3136 normam
892 3072 1034 3153 pulchre
1050 3070 1248 3135 inchoatam
1267 3068 1353 3133 deli-

403 3172 514 3236 niavit
532 3174 569 3235 in
593 3172 794 3249 monachos
810 3172 870 3254 qui
885 3170 1054 3253 hodieque
1074 3170 1126 3234 ita
1144 3170 1181 3233 in
1197 3168 1355 3251 utrisque

403 3272 529 3354 prioris
546 3278 663 3335 terunt
678 3272 876 3353 vestigium,
893 3279 933 3336 ut
958 3278 1019 3335 aut
1043 3270 1129 3335 nihil
1154 3277 1215 3333 aut
1229 3288 1355 3353 parum

403 3372 447 3435 iis
460 3372 551 3436 desit
568 3372 612 3435 ad
627 3372 740 3436 laudis
759 3372 948 3435 cumulum.
999 3372 1159 3453 Denique
1180 3377 1235 3434 est
1257 3370 1294 3433 in
1313 3390 1358 3434 ea

405 3471 507 3535 domo
521 3472 720 3555 hospitium,
736 3479 831 3537 terra
848 3472 1003 3553 marique
1017 3470 1231 3535 venientium
1244 3490 1357 3553 quan-

403 3578 490 3636 tum·
512 3565 651 3637 libuerit
682 3572 922 3649 diversorium,
957 3578 1099 3653 sumptu
1133 3569 1358 3648 indeficienti,

403 3672 573 3736 charitate
591 3671 831 3753 indefatigata.
883 3671 981 3736 Inter
1003 3671 1078 3735 haec
1100 3671 1213 3736 inerat
1230 3678 1354 3735 sancto

403 3772 478 3836 viro
493 3790 626 3837 morum
647 3771 837 3849 humilitate,
855 3779 895 3836 ut
914 3772 999 3836 nihil
1013 3791 1058 3835 ex
1074 3771 1136 3835 illo
1151 3771 1254 3834 unico
1275 3770 1354 3852 phi-

403 3872 570 3955 losophiae
586 3873 824 3956 promptuario
841 3873 1012 3937 redoleret
1027 3872 1095 3935 nisi
1115 3870 1255 3947 humile,
1271 3890 1353 3953 pro-

438 4095 446 4125 ¹
469 4100 502 4147 Et
520 4104 602 4149 oetaeo
624 4098 773 4161 uproedieto
787 4078 867 4147 suncti

405 4168 531 4218 Benedicti
552 4170 660 4219 transitu
675 4170 715 4220 die
730 4174 868 4232 precentur
908 4206 914 4220 .
1196 4208 1201 4219 .
1320 4210 1326 4221 .

401 4238 566 4303 infimitate]
584 4240 618 4291 A.
632 4240 661 4291 s.
673 4241 745 4301 us.;
761 4240 866 4289 omitted
891 4208 948 4271 ⁸²⁸·]
966 4207 1147 4268 G⁰dffelw²⁸
1163 4222 1231 4268 ¹³¹¹⁰¹
1244 4209 1358 4257 '⁰fW¹¹¹·

401 4309 427 4357 in
440 4310 470 4360 c·
481 4310 516 4359 D·
529 4312 561 4359 E·
891 4277 990 4329 chester
1000 4278 1063 4327 from
1076 4281 1139 4327 1082
1150 4280 1176 4326 lo
1187 4282 1261 4328 110⁷.

927 4133 1080 4197 'Godesridi
1096 4136 1189 4201 prioris
1203 4134 1359 4187 Wiutoaien·
