3100 5050
203 1032 518 1119 WILLELMI
549 1039 1107 1132 MALMESBIRIENSIS

323 1250 381 1308 nn
403 1252 548 1314 cesus
570 1254 726 1317 uncum
748 1219 995 1322 suetonum

518 1435 628 1486 LIBER
643 1439 804 1490 TERTIUS.

568 1607 760 1619 ——u—

203 1737 340 1785 mamm
363 1739 472 1788 cinna
493 1742 650 1792 ruamus
673 1746 721 1792 nu
744 1709 917 1797 nnvnnru
941 1751 1114 1799 nonnan-

456 1841 587 1891 Nonuu
612 1845 651 1893 m
677 1847 855 1895 nncnmu.

385 2020 419 2049 ,Ἄ
434 2032 437 2039 .
451 2032 471 2063 ·.
507 1972 761 2056 OBERTUS,¹
778 1980 867 2044 alter
879 1981 971 2046 filius
994 1982 1137 2049 Ricardi
1149 2001 1242 2042 william

232 2080 249 2119 μ’
456 2098 461 2121 ⁴
527 2078 681 2156 secundi,
693 2088 878 2162 postquam
894 2091 1025 2166 septem
1036 2088 1136 2150 annis
1149 2053 1238 2152 ffil‘
1246 2053 1300 2093 Μ’

197 2190 228 2253 [ι
421 2210 480 2269 5<
526 2177 676 2259 gloriose
708 2179 873 2245 ducatum
910 2182 1136 2250 Normanniae

197 2268 253 2334 3
308 2306 338 2379 ‘t
387 2266 452 2334 'lt'
525 2280 650 2356 tenuit,
709 2279 958 2365 lerosolymam
994 2305 1138 2368 pergere

361 2370 366 2385 '
525 2386 675 2444 mentem
690 2381 838 2464 appulit.
873 2382 1038 2449 Habebat
1055 2393 1137 2451 tunc
1211 2446 1214 2449 .

525 2478 633 2543 filium
653 2475 867 2564 septennem,
883 2503 929 2548 ex
944 2487 1137 2552 concubina

529 2583 741 2663 susceptum,
779 2583 879 2666 cujus
917 2587 1066 2667 speciem
1099 2589 1137 2652 in

181 2684 315 2749 choreis
343 2683 535 2747 saltitantis
561 2680 650 2744 forte
677 2683 910 2766 conspicatus,
931 2704 1001 2748 non
1028 2687 1137 2752 absti-

182 2784 258 2847 nuit
273 2785 359 2867 quin
369 2784 442 2849 'sibi
459 2789 560 2847 nocte
583 2781 811 2865 conjungeret
824 2804 833 2862 ;
856 2783 1019 2868 deinceps
1035 2786 1137 2851 unice
1151 2824 1163 2872 .·

182 2884 316 2963 dilexit,
341 2892 377 2949 et
405 2881 606 2965 aliquandiu
625 2881 734 2964 justae
755 2884 877 2947 uxoris
901 2884 978 2948 loco
1001 2885 1134 2951 habuit.

181 2984 275 3051 Puer
300 3005 346 3048 ex
377 3003 419 3048 ea
443 2984 570 3060 editus,
595 2982 793 3046 Willelmus
823 3003 845 3047 a
870 2984 1009 3048 nomine
1031 2987 1135 3051 abavi
1148 3013 1262 3061 alibuta,

179 3085 314 3149 dictus:
339 3084 439 3169 cujus
454 3081 726 3165 magnitudinem
740 3082 893 3148 futuram
907 3086 1029 3149 matris
1040 3106 1132 3150 som·
1147 3065 1203 3105 Μ’·
1214 3067 1270 3104 ¹⁰²⁸'

180 3186 275 3249 nium
300 3184 539 3268 portendebat,
564 3202 633 3266 quo
661 3183 828 3247 intestina
852 3203 1001 3267 suaper
1023 3193 1133 3251 totam

181 3285 434 3349 Normanniam
449 3290 484 3347 et
496 3281 659 3367 Angliam
676 3284 817 3348 extendi
834 3291 870 3348 et
888 3285 1027 3349 dilatari
1037 3287 1134 3352 vide-

181 3393 257 3466 rat;
281 3384 358 3469 ipso
375 3403 512 3469 quoque
528 3389 704 3447 momento
719 3403 801 3466 quo,
817 3391 922 3467 partu
948 3385 1080 3464 laxato,
1098 3388 1134 3450 in

180 3487 291 3551 vitam
304 3484 434 3549 effusus
448 3484 550 3566 pusio
567 3483 708 3547 humum
726 3483 856 3565 attigit,
874 3486 994 3549 ambas
1010 3506 1134 3550 manus

176 3586 297 3669 junco,
314 3604 383 3668 quo
406 3584 595 3668 pavimenti
610 3584 725 3666 pulvis
747 3586 949 3661 cavebatur,
964 3586 1134 3669 implevit,

95 3670 97 3673 ⁵
180 3687 299 3750 stricte
325 3686 419 3768 quod
450 3684 666 3766 corripuerat
700 3702 951 3766 compugnans.
1005 3685 1133 3749 Osten-

181 3806 256 3849 sum
284 3787 396 3851 visum
425 3783 648 3861 mulierculis,
673 3783 756 3848 laeto
781 3784 907 3867 plausu
938 3786 1133 3869 gannienti-

181 3888 267 3967 bus3
302 3884 474 3964 obstetrix
505 3903 644 3966 quoque
672 3883 789 3949 fausto
822 3886 936 3948 omine
963 3887 1134 3950 acclamat

109 4021 112 4027 ·
181 4006 325 4069 puerum
340 4006 457 4071 regem
472 3984 637 4048 futurum.

432 4227 519 4277 NOTES
536 4241 588 4276 AND
604 4228 721 4275 Vnmous
738 4227 881 4275 Ramnes

216 4320 225 4353 ¹
241 4323 372 4381 liebertus,
387 4324 451 4371 alter
460 4322 534 4388 filim
549 4322 656 4371 Ricardi
671 4321 793 4384 secundi]
811 4320 906 4369 Robert
923 4319 946 4369 1.
964 4317 1025 4385 (See
1042 4316 1136 4367 notes⁴

182 4393 231 4441 and
242 4390 261 4457 ⁸,
271 4409 297 4455 p.
309 4397 368 4444 294.

942 4463 1013 4508 aaa
