3100 5050
413 491 479 558 492
642 506 756 556 ensrs
780 505 909 556 aneon
932 503 1147 554 lucrorum.
1218 487 1303 570 [mn
1320 503 1375 551 ιν.

414 667 555 752 mulque
575 665 752 733 confidens
766 667 899 732 nohum
915 665 982 732 sibi
997 684 1163 732 ausurum
1177 664 1371 730 obsistere:

416 787 567 852 moxque
592 769 707 833 occiso
730 769 797 832 sub
819 766 1018 832 loeminibus
1040 766 1246 831 deturbatus
1266 784 1374 847 equo,

418 887 520 954 quom
543 887 585 933 eo
609 868 666 933 die
691 867 885 952 quindecim
913 867 1040 931 marcis
1063 865 1202 948 argenti
1225 870 1373 943 emerat,

417 970 521 1033 edam
535 987 598 1052 per
610 968 734 1053 pedem
748 968 810 1032 din
822 974 957 1033 tractus
970 973 1048 1044 est;
1069 966 1131 1030 sed
1145 965 1231 1030 fides
1252 964 1374 1030 loricae

418 1069 555 1134 obstitit
569 1087 614 1132 ne
627 1067 824 1133 laederetur.
875 1066 1026 1150 Jamque
1046 1066 1147 1131 miles
1158 1067 1220 1149 qni
1233 1065 1373 1150 dejoce-

418 1176 475 1233 rst
496 1187 636 1233 manum
658 1167 704 1232 ad
727 1167 890 1251 capulum
909 1168 1056 1250 aptabat
1077 1173 1119 1230 nt
1138 1165 1271 1243 feriret,
1290 1185 1371 1230 curn
1423 1171 1430 1180 ‘

418 1269 490 1346 ille,
507 1268 662 1351 periculo
675 1274 833 1333 extremo
855 1267 1012 1344 territus,
1025 1265 1213 1344 exclamat,
1234 1265 1372 1344 ‘Tolle,

420 1368 566 1434 nebulo!
592 1387 656 1432 rex
670 1365 813 1450 Angliae
838 1385 916 1431 sum
927 1367 948 1432 !'
999 1366 1168 1445 'l'rornnit,
1184 1373 1271 1431 nota
1283 1385 1373 1431 voce

415 1468 579 1552 jacentis,
606 1468 733 1550 vulgus
760 1466 929 1546 militum
955 1467 1146 1550 statimque
1173 1473 1375 1532 reverenter

420 1569 463 1632 de
488 1575 583 1633 terra
602 1568 720 1633 levato
738 1585 866 1650 equum
883 1566 1032 1632 alterum
1051 1567 1241 1632 adducunt.
1293 1565 1375 1644 Ille,

420 1687 491 1732 non
517 1675 702 1752 expectato
730 1667 941 1745 ascensorio,
970 1667 1170 1752 sonipedem
1202 1665 1375 1744 insiliens,

420 1786 608 1851 omnesque
620 1769 884 1832 circumstantes
899 1766 1017 1832 vivido
1035 1767 1270 1850 perstringens
1290 1785 1374 1830 oeu-

421 1867 469 1943 lo,
490 1865 628 1946 ‘Quis,’
646 1868 772 1950 inquit,
785 1875 796 1903 ‘
808 1887 864 1931 me
884 1867 1011 1952 dejecit
1022 1867 1050 1931 l’
1100 1865 1375 1932 Mussitnntibus

422 1967 569 2045 cunctis,
595 1967 693 2032 miles
715 1967 857 2032 audacis
876 1965 961 2031 facti
983 1965 1142 2031 conscius
1167 1985 1237 2031 non
1261 1965 1374 2032 defuit

423 2067 617 2150 patrocinio
630 2087 706 2144 suo,
720 2067 857 2132 dicens:
883 2063 992 2148 ‘Ego
1006 2067 1067 2149 qui
1081 2074 1116 2130 te
1130 2084 1201 2130 non
1214 2073 1376 2149 putarem

425 2184 502 2231 esse
526 2185 655 2249 regem,
679 2167 741 2231 sed
766 2166 934 2230 militem!
985 2165 1077 2230 Tum
1099 2185 1185 2231 vero
1208 2183 1273 2229 rex
1298 2167 1376 2248 pla·

425 2266 535 2343 cidus,
549 2266 718 2351 vultuque
739 2285 894 2343 serenus,
910 2259 1022 2330 ‘¹Per
1039 2265 1200 2344 vultum,’
1220 2265 1282 2343 ait,
1305 2265 1378 2330 ‘de

426 2364 546 2443 Luca,’
561 2359 629 2453 (sic
647 2365 737 2430 enim
757 2362 932 2450 jurabat)
946 2370 957 2400 ‘
969 2383 1066 2429 mens
1082 2383 1106 2428 o
1120 2365 1223 2430 modo
1241 2366 1322 2443 eris,
1340 2373 1379 2430 et

425 2484 501 2531 meo
525 2465 604 2531 albo
622 2467 772 2532 insertus
792 2465 977 2533 laudabilis
998 2465 1132 2530 militiae
1153 2465 1297 2549 praemia
1318 2485 1376 2531 re·

426 2567 605 2649 portabis?
656 2566 774 2631 Macte
803 2566 910 2630 enimi
936 2564 1147 2649 amplissime
1174 2585 1251 2643 rex,
1280 2566 1378 2649 quod

426 2665 490 2731 tibi
509 2666 721 2750 praeconium
746 2684 852 2749 super
873 2664 939 2729 hoc
959 2665 1054 2730 dieto
1074 2665 1290 2747 rependam?
1340 2664 1378 2731 A

427 2766 544 2847 magni
569 2766 743 2848 quondam
766 2764 962 2829 Alexandri
983 2784 1054 2829 non
1079 2765 1231 2847 degener
1250 2765 1380 2848 gloria,

427 2866 486 2947 qui
514 2865 658 2930 Persam
680 2865 824 2929 militem
845 2884 885 2929 se
908 2883 931 2929 a
951 2872 1052 2948 tergo
1075 2864 1178 2929 ferire
1199 2872 1379 2944 conatum,

426 2964 486 3028 sed
512 2986 575 3049 pro
599 2964 744 3049 perfidia
764 2965 857 3029 ensis
877 2983 941 3047 spe
965 2984 1030 3029 sua
1052 2964 1267 3044 bustratum,
1281 2967 1381 3031 inco·

425 3065 553 3130 lumem
566 3084 631 3147 pro
646 3065 873 3136 admiratione
889 3065 1103 3130 fortitudinis
1116 3067 1348 3131 conservavit.

541 3254 589 3301 DE
612 3254 902 3305 MANSUE'I'UDINE
924 3256 1070 3305 combis
1093 3257 1265 3306 ROBBRTl·

266 3368 420 3461 {mg
480 3360 591 3444 §ulo
614 3360 697 3425 Jam
718 3382 802 3427 vero
826 3371 866 3428 ut
890 3365 933 3429 de
957 3365 1223 3429 mansuetudine
1244 3365 1383 3430 comitis

428 3460 552 3525 dicam.
605 3460 693 3526 Cum
723 3463 858 3528 obsidio
885 3484 927 3529 eo
951 3484 1061 3547 usqne
1084 3466 1310 3548 processisset
1339 3473 1382 3531 ut

429 3580 520 3644 aqua
545 3560 681 3625 deesset
711 3564 874 3641 obsessis,
905 3565 999 3629 misit
1030 3564 1207 3629 Henricus
1234 3566 1381 3630 nuncios

468 3808 894 3875 'Persultam...dchaea.]‘lhese
919 3811 981 3873 they
992 3812 1105 3874 pretend.
1141 3814 1214 3875 'l'hey
1232 3815 1282 3863 call
1300 3814 1384 3865 it“11

350 3912 357 3927 .
431 3881 515 3930 words
527 3881 591 3931 hare
608 3881 672 3931 been
682 3880 826 3943 heqoenuy
835 3883 895 3930 mis·
920 3886 993 3931 sento
1016 3883 1084 3931 volto
1111 3882 1139 3931 di
1165 3884 1284 3933 Luoca:''
1312 3886 1334 3933 it
1356 3886 1383 3935 is

431 3950 571 4000 translated
591 3952 644 4000 into
663 3952 721 4013 ‘By
743 3952 781 4001 St.
799 3952 895 4001 Lnke's
920 3952 1036 4013 sturnped
1052 3967 1084 4001 on
1100 3953 1167 4002 their
1176 3955 1383 4005 coinswiththis

431 4018 488 4069 face
498 4020 513 4069 l'
524 4020 638 4070 whereas
650 4022 670 4070 it
681 4036 767 4071 means
783 4022 841 4084 ‘By
853 4023 895 4071 the
919 4022 1021 4085 legend,
1030 4022 1165 4072 “Sanctus
1175 4025 1262 4074 vultus
1279 4026 1311 4074 de
1328 4026 1383 4075 Lu-

432 4090 648 4140 faceatuuccat
683 4090 751 4140 Lord
767 4091 895 4154 Lyttleton
920 4090 995 4142 ea.”’
1021 4090 1201 4142 Inanltalian
1210 4094 1287 4157 book,
1297 4096 1382 4145 called

433 4174 503 4223 says,
513 4161 611 4210 ‘There
623 4162 645 4209 is
656 4166 683 4209 at
694 4161 782 4211 Lucca
792 4163 819 4211 in
831 4162 897 4212 Tus·
921 4162 962 4211 ‘Il
991 4162 1132 4212 Forestiere
1153 4164 1286 4213 informato
1314 4166 1382 4215 delle

433 4244 498 4291 ceny
510 4245 542 4279 an
553 4232 653 4280 ancient
664 4232 742 4293 ligure
760 4233 790 4281 oi
798 4232 896 4295 Christ,
921 4247 979 4281 cose
1001 4233 1029 4280 di
1051 4232 1156 4294 Lucoa,’
1177 4234 1227 4282 this
1249 4235 1340 4297 legend
1358 4236 1382 4285 is

432 4300 542 4361 brought
563 4300 632 4350 there
653 4302 845 4366 miraculously‚
866 4318 895 4353 as
921 4303 996 4365 given
1015 4303 1042 4351 in
1061 4303 1230 4365 greutdetuil.
1265 4305 1319 4353 'l'he
1336 4320 1383 4355 au-
