3100 5050
166 532 238 581 nra.
256 516 322 598 ru]
396 532 510 581 casua
534 531 661 580 aarum
685 530 898 580 rucuoauu.
1056 513 1120 579 561

165 687 269 766 dunt,
285 689 365 754 loca
378 690 494 755 vicina
510 691 693 775 explorare
720 690 910 773 cupientes.
963 689 1042 774 Syri
1060 691 1119 773 qui

168 796 288 853 essent
308 791 345 853 in
365 791 455 868 loco,
479 792 653 875 progressi
670 791 821 869 obviarn,
837 791 995 855 laetitiam
1021 809 1120 854 suam

168 888 342 954 desiderio
367 891 604 976 lachrymante
632 891 837 975 prodebant,
864 891 970 955 saluti
1001 910 1118 955 eorum

168 1009 234 1072 pro
250 991 428 1073 paucitate
440 993 600 1056 nimirum
614 999 808 1056 metuentes
820 1013 828 1071 ;
852 1011 932 1055 nam
947 1011 1017 1056 non
1030 991 1118 1054 mul-

170 1097 208 1153 to
225 1090 426 1174 plusquam
444 1099 581 1156 centum
597 1093 726 1156 milites
739 1098 918 1156 venerant.
970 1089 1022 1156 At
1039 1085 1118 1169 ¹ilh',

169 1191 387 1274 supplicibus
413 1194 506 1258 votis
526 1202 672 1257 'sacram
703 1192 813 1256 aedem
839 1191 1007 1270 venerati,
1037 1211 1119 1255 con·

169 1290 289 1355 festim
323 1291 571 1376 lerosolymam
605 1293 749 1357 intentis
783 1292 908 1356 animis
939 1291 1119 1356 invadunt.

169 1390 278 1455 Turci
300 1411 451 1476 quoque,
473 1413 538 1476 pro
562 1394 689 1457 fiducia
703 1394 828 1458 virium
842 1391 1120 1457 mentibus-effe-

170 1492 252 1569 rati,
268 1491 363 1556 foras
379 1493 540 1571 exiliunt,
557 1495 593 1558 in
608 1502 746 1558 nostros
762 1493 1015 1576 aliquantisper
1031 1492 1120 1557 arie-

172 1599 309 1674 tantes3
341 1601 437 1659 totus
468 1597 560 1659 enim
588 1595 665 1680 jam
690 1595 865 1658 exercitus
892 1593 1118 1658 adventarat:

170 1693 232 1756 sed
253 1712 350 1771 mox,
375 1695 521 1760 Francis
545 1695 797 1772 annitentibus,
818 1694 981 1758 summoti
1003 1693 1120 1758 hostes

170 1793 400 1858 claustrorum
424 1795 607 1860 muralium
624 1795 763 1879 objectu
784 1795 932 1892 salutem
950 1813 1048 1859 suam
1066 1801 1121 1857 tu·

170 1894 348 1960 tahantur.

440 2088 488 2135 DE
510 2087 610 2137 URBE
632 2087 856 2137 luausausu.

223 2193 333 2278 §362
357 2193 412 2257 De
429 2195 501 2259 situ
519 2202 555 2260 et
568 2195 739 2278 positione
753 2196 944 2261 Ierusalem
962 2194 1048 2260 nihil
1069 2215 1123 2259 me
1135 2217 1253 2278 remearem

173 2293 288 2359 dicere
311 2295 413 2377 copia
439 2297 647 2380 scriptorum
678 2296 860 2362 admonet:
895 2315 959 2362 nec
984 2269 1249 2361 necesse⁶⁰'⁰¹¹⁰‘⁶'

173 2402 226 2458 est
241 2391 284 2459 nt
299 2394 336 2458 in
352 2395 418 2460 hoc
431 2415 553 2480 campo
570 2390 707 2462 ²nostra
729 2397 865 2462 exultet
882 2397 1013 2476 oratio;
1036 2397 1123 2461 adeo

173 2494 245 2560 fere
268 2494 423 2561 omnium
443 2497 577 2562 notitiae
599 2504 697 2581 patet
718 2497 811 2581 quod
827 2497 851 2563 J
854 2498 1015 2583 osephus,
1033 2497 1125 2581 quod

175 2596 381 2675 Eucherius
408 2598 500 2680 quod
534 2597 633 2663 Beda
667 2600 848 2682 scripsere.
909 2598 998 2678 Quis
1034 2597 1124 2662 enim

174 2697 310 2761 nesciat
342 2717 420 2761 eam
447 2718 469 2761 a
497 2697 730 2764 Melchisedec
761 2699 889 2778 Salem,
919 2698 1124 2763 aJebuseis

173 2796 198 2861 J
200 2798 299 2875 ebus,
316 2816 338 2861 a
351 2797 536 2863 Salomone
554 2798 804 2882 lerosolymam
815 2801 1001 2865 vocatam?
1036 2798 1125 2878 Quis

174 2917 245 2961 non
262 2896 411 2962 audierit
426 2899 600 2981 quotienS,
617 2900 682 2963 sub
698 2899 845 2963 adverso
861 2906 972 2963 marte
986 2897 1125 2973 cadens,

174 2998 270 3063 cives
296 2998 404 3061 ruinis
428 2998 603 3081 sepelierit
628 2998 713 3076 suis,
729 2999 786 3063 vel
810 2998 1125 3079 Nabugodonosor,

175 3098 232 3162 vel
248 3096 345 3176 Tito,
367 3098 424 3162 vel
437 3097 594 3163 Adriano
610 3099 818 3181 agentibusl
870 3097 1047 3164 Adrianus
1069 3098 1126 3162 ille

177 3197 244 3261 fuit
261 3197 322 3280 qui
346 3198 609 3283 lerosolymam,
627 3219 671 3262 ex
687 3218 752 3263 suo
771 3199 976 3282 cognomine
998 3218 1126 3281 cogno·

176 3298 344 3363 minatam
362 3297 517 3377 Heliam,
532 3299 725 3364 orbiculato
748 3306 784 3364 et
806 3298 930 3384 majori
952 3317 1127 3363 murorum

177 3399 310 3463 ambitu
336 3398 535 3477 aedificavit,
553 3406 593 3463 ut
612 3399 728 3463 locum
749 3394 922 3482 sepulchri
939 3398 1126 3473 Dominici,

176 3498 271 3583 quod
293 3498 379 3563 olim
402 3506 505 3564 extra
530 3499 657 3577 suerat,
681 3500 967 3583 amplecteretur3
991 3504 1129 3562 namet

177 3619 277 3665 mons
294 3599 390 3677 Sion,
403 3600 497 3663 intra
513 3600 634 3663 urbem
651 3607 822 3682 receptus
835 3619 899 3682 pro
917 3617 995 3662 arce
1009 3616 1129 3680 super-

177 3700 317 3764 eminet.
370 3692 485 3763 ³Fons
501 3701 594 3765 intra
607 3700 736 3776 nullus,
753 3700 814 3763 sed
829 3697 990 3763 cisternis
1006 3696 1130 3762 adhoc

214 3998 224 4031 ¹
235 3999 290 4062 lui,
300 3999 451 4064 applicitus
462 4033 501 4051 ...
513 4000 644 4063 maath]
705 3995 717 4029 ⁸
729 3993 847 4067 Nostra]
864 3997 898 4050 A.
910 3998 945 4049 D.
957 3998 990 4046 E.
1002 3997 1051 4058 12.;
1068 4011 1134 4061 mea,

177 4071 232 4120 'l'he
243 4070 340 4121 church
351 4070 381 4119 of
392 4070 430 4120 st.
442 4070 520 4133 Mary
530 4076 558 4120 at
569 4070 647 4120 Beth·
671 4071 701 4121 S.
715 4070 745 4119 G.

177 4141 261 4191 lehem
276 4140 413 4191 contained
422 4140 513 4190 within
527 4141 562 4191 its
572 4141 648 4190 walls
705 4136 717 4171 ⁸
728 4138 796 4188 Fons
807 4136 874 4186 intra
885 4135 966 4185 auum
978 4169 985 4184 .
998 4170 1005 4187 .
1019 4170 1025 4185 .
1039 4136 1134 4185 Gedros

180 4226 196 4261 a
214 4216 268 4261 sort
278 4211 307 4261 of
319 4215 412 4274 grotto,
421 4212 448 4259 in
459 4210 545 4260 which
562 4212 583 4260 it
593 4225 648 4260 was
672 4209 784 4271 augeat]
791 4208 933 4258 Jerusalem
939 4220 993 4255 was
1000 4207 1134 4267 possessed

180 4281 320 4344 pretended
331 4281 419 4331 Christ
428 4296 485 4329 was
497 4282 570 4331 born.
586 4280 648 4348 (See
673 4280 733 4341 ouly
750 4278 781 4327 of
799 4278 841 4327 the
863 4280 957 4325 torrent
974 4274 1003 4324 of
1023 4276 1135 4338 Kedron,

180 4352 316 4415 seuam
328 4350 537 4417 mensenatis.)
674 4350 760 4409 dryiu
779 4362 896 4409 summer,
907 4345 957 4396 and
968 4345 998 4394 of
1011 4345 1054 4393 the
1070 4346 1135 4395 little
