3100 5050
176 500 337 581 ursum]
407 516 522 565 unsre
546 515 672 566 arcun
697 517 908 566 eneconem.
1066 505 1133 570 425

177 673 284 739 fuisse
307 675 436 753 serunt,
460 683 500 741 ut
525 677 703 741 incentore
725 676 897 742 bellorum
914 673 1046 759 Anglia
1067 695 1130 741 va-

178 782 294 856 caret3
317 795 398 839 nam
415 784 450 841 et
464 777 557 841 ultro
574 775 699 841 solitus
720 784 796 842 erat
812 796 1036 861 quoscunque
1053 773 1129 847 An,-

179 873 255 955 glos
283 883 466 958 suspectos
503 875 665 953 habebat,
697 877 798 959 quasi
835 876 977 941 honoris
1010 894 1129 956 causa,

179 971 432 1039 Normanniam
447 975 584 1053 ducere,
600 994 643 1039 ne
661 976 847 1059 quicquam
869 994 907 1040 se
929 976 1072 1040 absente
1093 977 1129 1040 in

177 1091 286 1155 regno
316 1077 510 1140 turbarent.
562 1075 740 1158 Receptus
771 1095 855 1158 ergo
889 1075 1061 1158 Edgarns,
1094 1083 1131 1141 ct

178 1191 306 1256 magno
326 1173 491 1241 donativo
514 1174 662 1239 do'natus
685 1182 757 1257 est3
781 1175 1007 1258 pluribusque
1028 1175 1129 1239 annis

176 1272 212 1334 in
240 1272 338 1338 curia
362 1293 517 1353 manens
532 1275 742 1358 pedetentim
766 1294 831 1357 pro
856 1274 1009 1356 ignavia,
1026 1282 1074 1352 et,
1088 1283 1129 1340 ut

177 1373 297 1436 mitius
324 1374 454 1438 dictum
479 1375 537 1452 sit,
565 1395 629 1458 pro
655 1374 889 1457 simplicitate,
914 1375 1128 1456 contemptui

176 1470 298 1536 haberi
312 1474 432 1556 coepit.
485 1472 665 1552 Quantula
684 1475 777 1537 enim
798 1473 1015 1557 simplicitas,
1029 1480 1070 1537 nt
1085 1474 1127 1536 li·

176 1572 275 1635 bram
298 1575 448 1654 argenti,
471 1593 576 1656 quam
601 1573 756 1656 quotidie
779 1574 816 1637 in
843 1572 1015 1655 stipendio
1036 1573 1128 1644 acci,-

176 1670 307 1753 piebat,
324 1673 399 1754 regi
416 1693 480 1755 pro
506 1693 576 1737 uno
599 1692 689 1754 equo
712 1672 947 1756 perdonaretl
999 1671 1127 1741 Subse-

176 1771 297 1852 quenti
324 1778 479 1855 tempore
504 1792 582 1837 cum
605 1772 761 1836 Roherto
777 1772 849 1835 filio
865 1771 1041 1849 Godwini,
1063 1773 1127 1835 mi-

175 1869 236 1934 lite
260 1870 504 1948 audacissimo,
526 1872 776 1954 lerosolymam
797 1871 980 1955 pertendit.
1033 1870 1151 1935 Illud·

163 1968 241 2034 'fuit
258 1977 396 2053 tempus
422 1991 492 2055 qno
507 1972 638 2036 Turchi
654 1971 874 2035 Baldwinum
897 1990 1014 2053 regem
1034 1971 1127 2054 apud
1139 1995 1194 2035 an.
1206 1997 1261 2036 110³.

177 2068 312 2133 Ramas
326 2071 554 2153 obsederunt3
571 2072 730 2154 quicum
747 2064 948 2134 ¹obsidionis
964 2070 1127 2155 injuriam

175 2167 265 2232 ferre
290 2170 461 2252 nequiret,
478 2189 541 2253 per
560 2170 691 2234 medias
706 2169 858 2234 hostium
881 2170 974 2233 acies
993 2169 1127 2250 effugit,

175 2268 287 2332 solius
305 2269 452 2335 Roberti
468 2289 575 2353 opera
588 2271 756 2334 liberatus
771 2269 971 2352 praeeuntis,
993 2274 1029 2332 et
1045 2288 1128 2332 eva·

104 2399 108 2402 ·
175 2369 297 2449 gineto
313 2368 430 2451 gladio
446 2369 570 2434 dextra
584 2370 745 2452 laevaque
761 2368 920 2432 Turchos
937 2368 1125 2434 caedentis:

173 2467 236 2532 sed
264 2487 355 2548 cum,
387 2488 549 2534 successu
578 2469 655 2554 ipso
681 2468 920 2546 truculentior,
944 2467 1126 2533 alacritate

175 2568 283 2632 nimia
296 2576 526 2651 procurreret,
540 2571 643 2633 ensis·
656 2588 762 2632 manu
787 2568 938 2648 excidit3
962 2567 1007 2632 ad
1024 2588 1126 2650 quem

174 2668 445 2750 recolligendum
473 2689 551 2734 cum
582 2689 620 2733 se
650 2667 864 2745 inclinasset,
889 2658 1041 2731 omnium
1071 2668 1125 2730 in-

176 2786 280 2831 cursu
308 2788 505 2852 oppressus,
531 2767 681 2832 vinculis
712 2768 846 2851 palmas
876 2766 981 2830 dedit.
1038 2765 1126 2830 Inde

176 2866 392 2950 Babylonem
402 2866 465 2953 (ut
486 2863 601 2951 aiunt)
616 2867 753 2945 ductus,
768 2886 848 2931 cum
863 2865 1039 2930 Christum
1063 2868 1125 2929 ab·

173 2985 302 3049 negare
327 2966 447 3045 nollet,
470 2968 507 3030 in
526 2966 639 3030 medio
654 2966 729 3030 foro
756 2966 801 3029 ad
821 2966 959 3047 signum
975 2965 1125 3047 positus,

174 3072 209 3129 et
227 3066 367 3148 sagittis
389 3068 596 3144 terebratus
610 3066 814 3149 martyrium
838 3065 1002 3129 sacravit.
1054 3064 1125 3126 Ed-

174 3183 280 3245 garus
296 3166 423 3229 amisso
438 3165 547 3229 milite
563 3184 753 3247 regressus,
769 3164 947 3246 multaque
958 3162 1126 3228 beneficia

175 3263 218 3347 ah
248 3264 514 3347 imperatoribus
544 3263 747 3329 Graecorum
784 3270 820 3327 et
851 3263 1125 3331 Alamannorum

176 3362 334 3447 adeptus,
350 3362 496 3450 (quippe
513 3363 574 3447 qui
588 3364 693 3428 etiam
712 3383 791 3427 eum
812 3364 960 3427 retinere
979 3383 1042 3446 pro
1064 3382 1125 3444 ge-

175 3463 267 3527 neris
289 3463 517 3545 amplitudine
534 3459 758 3547 tentassent)
774 3464 891 3525 omnia
913 3481 975 3543 pro
997 3462 1125 3525 natalis

175 3561 240 3625 soli
278 3562 447 3627 desiderio
476 3563 630 3645 sprevit;
658 3562 827 3645 quosdam
857 3560 947 3623 enim
970 3560 1126 3641 profecto

175 3659 266 3725 fallit
289 3680 386 3725 amor
411 3663 547 3744 patriae,
573 3669 613 3725 ut
638 3660 723 3724 nihil
747 3661 798 3724 eis
820 3659 979 3723 videatur
999 3658 1126 3741 jocun-

175 3759 255 3823 dum
286 3761 354 3825 nisi
382 3768 585 3825 consuetum
617 3760 797 3825 hauserint
823 3758 961 3821 coelum.
1023 3756 1126 3820 Unde

176 3858 350 3941 Edgarus,
370 3859 469 3923 fatua
485 3860 646 3943 cupidine
670 3859 807 3934 illusus,
821 3855 987 3939 Angliam
1011 3855 1127 3930 rediit,

176 3950 284 4022 ²unde
300 3956 358 4045 (ut
375 3960 534 4041 superius
556 3956 649 4044 dixi)
671 3958 809 4023 diverso
827 3955 975 4019 fortunae
992 3953 1127 4017 ludicro

211 4215 218 4245 ¹
240 4211 418 4283 oratoru}
434 4215 468 4266 A.
492 4217 521 4268 S.
546 4218 576 4267 G.
600 4214 654 4343 12¹
701 4212 823 4277 ΨΜ]
848 4212 878 4264 C.
897 4212 946 4273 E.;
971 4212 1026 4275 ubi,
1043 4210 1077 4264 A.
1098 4212 1127 4261 S.

177 4288 229 4339 Ei.
240 4289 289 4350 L.;
306 4286 413 4337 omitted
422 4286 449 4335 in
461 4287 533 4337 E¹l.·
666 4286 702 4335 D.
714 4286 745 4333 L.
1126 4305 1129 4309 ·
