<?xml version="1.0" encoding="UTF-8"?>
<!DOCTYPE html PUBLIC "-//W3C//DTD XHTML 1.0 Transitional//EN"
    "http://www.w3.org/TR/xhtml1/DTD/xhtml1-transitional.dtd">
<html xmlns="http://www.w3.org/1999/xhtml" xml:lang="en" lang="en">
 <head>
  <title>
</title>
<meta http-equiv="Content-Type" content="text/html;charset=utf-8" />
  <meta name='ocr-system' content='tesseract 3.04.00' />
  <meta name='ocr-capabilities' content='ocr_page ocr_carea ocr_par ocr_line ocrx_word'/>
</head>
<body>
  <div class='ocr_page' id='page_1' title='image "./willelmimalmesb02willgoog_0073.png"; bbox 0 0 3100 5050; ppageno 0'>
   <div class='ocr_carea' id='block_1_1' title="bbox 162 491 1125 572">
    <p class='ocr_par' dir='ltr' id='par_1_1' title="bbox 162 491 1125 572">
     <span class='ocr_line' id='line_1_1' title="bbox 162 491 1125 572; baseline 0.019 -21"><span class='ocrx_word' id='word_1_1' title='bbox 162 503 233 554; x_wconf 75' lang='lat' dir='ltr'>uro.</span> <span class='ocrx_word' id='word_1_2' title='bbox 253 491 328 572; x_wconf 64' lang='grc' dir='ltr'>ηις]</span> <span class='ocrx_word' id='word_1_3' title='bbox 403 509 517 558; x_wconf 71' lang='lat' dir='ltr'>cnsrr</span> <span class='ocrx_word' id='word_1_4' title='bbox 541 511 669 560; x_wconf 79' lang='lat' dir='ltr'>ancon</span> <span class='ocrx_word' id='word_1_5' title='bbox 691 513 907 565; x_wconf 70' lang='lat' dir='ltr'>anctorum</span> <span class='ocrx_word' id='word_1_6' title='bbox 1058 504 1125 568; x_wconf 76' lang='lat' dir='ltr'>lea</span> 
     </span>
    </p>
   </div>
   <div class='ocr_carea' id='block_1_2' title="bbox 150 667 1276 2958">
    <p class='ocr_par' dir='ltr' id='par_1_2' title="bbox 163 667 1121 852">
     <span class='ocr_line' id='line_1_2' title="bbox 163 667 1121 758; baseline 0.011 -29"><span class='ocrx_word' id='word_1_7' title='bbox 163 667 286 751; x_wconf 80' lang='lat' dir='ltr'><strong>repsit,</strong></span> <span class='ocrx_word' id='word_1_8' title='bbox 303 677 344 735; x_wconf 92' lang='lat' dir='ltr'>ut</span> <span class='ocrx_word' id='word_1_9' title='bbox 362 671 456 754; x_wconf 90' lang='lat' dir='ltr'>quod</span> <span class='ocrx_word' id='word_1_10' title='bbox 478 672 631 738; x_wconf 80' lang='lat' dir='ltr'>febribus</span> <span class='ocrx_word' id='word_1_11' title='bbox 655 681 731 738; x_wconf 89' lang='lat' dir='ltr'>erat</span> <span class='ocrx_word' id='word_1_12' title='bbox 753 673 923 758; x_wconf 88' lang='lat' dir='ltr'>reliquum</span> <span class='ocrx_word' id='word_1_13' title='bbox 945 675 1023 757; x_wconf 91' lang='lat' dir='ltr'>ipsa</span> <span class='ocrx_word' id='word_1_14' title='bbox 1044 695 1121 740; x_wconf 90' lang='lat' dir='ltr'>cor-</span> 
     </span>
     <span class='ocr_line' id='line_1_3' title="bbox 163 767 303 852; baseline 0.021 -21"><span class='ocrx_word' id='word_1_15' title='bbox 163 767 303 852; x_wconf 91' lang='lat' dir='ltr'>riperet.</span> 
     </span>
    </p>

    <p class='ocr_par' dir='ltr' id='par_1_3' title="bbox 150 869 1276 2958">
     <span class='ocr_line' id='line_1_4' title="bbox 216 869 1276 957; baseline 0.007 -24"><span class='ocrx_word' id='word_1_16' title='bbox 216 869 337 952; x_wconf 68' lang='lat' dir='ltr'>§ata</span> <span class='ocrx_word' id='word_1_17' title='bbox 363 871 498 937; x_wconf 70' lang='lat' dir='ltr'>Praeter</span> <span class='ocrx_word' id='word_1_18' title='bbox 522 881 667 939; x_wconf 84' lang='lat' dir='ltr'>caeteras</span> <span class='ocrx_word' id='word_1_19' title='bbox 692 874 854 950; x_wconf 88' lang='lat' dir='ltr'>virtutes,</span> <span class='ocrx_word' id='word_1_20' title='bbox 881 875 1056 957; x_wconf 74' lang='lat' dir='ltr'>praecipue</span> <span class='ocrx_word' id='word_1_21' title='bbox 1081 877 1118 940; x_wconf 94' lang='lat' dir='ltr'>in</span> <span class='ocrx_word' id='word_1_22' title='bbox 1130 894 1276 956; x_wconf 59' lang='lat' dir='ltr'>cemes</span> 
     </span>
     <span class='ocr_line' id='line_1_5' title="bbox 165 945 1264 1056; baseline 0.005 -25"><span class='ocrx_word' id='word_1_23' title='bbox 165 969 279 1050; x_wconf 87' lang='lat' dir='ltr'>prima</span> <span class='ocrx_word' id='word_1_24' title='bbox 303 971 538 1038; x_wconf 89' lang='lat' dir='ltr'>adolescentia</span> <span class='ocrx_word' id='word_1_25' title='bbox 562 975 759 1038; x_wconf 81' lang='lat' dir='ltr'><strong>castitatem</strong></span> <span class='ocrx_word' id='word_1_26' title='bbox 786 975 957 1056; x_wconf 82' lang='lat' dir='ltr'><strong>suspexit,</strong></span> <span class='ocrx_word' id='word_1_27' title='bbox 977 976 1015 1037; x_wconf 90' lang='lat' dir='ltr'>in</span> <span class='ocrx_word' id='word_1_28' title='bbox 1041 945 1264 1039; x_wconf 51' lang='lat' dir='ltr'>tan-llffle&#39;il¹‘&#39;</span> 
     </span>
     <span class='ocr_line' id='line_1_6' title="bbox 165 1073 1117 1154; baseline 0.009 -23"><span class='ocrx_word' id='word_1_29' title='bbox 165 1073 240 1132; x_wconf 90' lang='lat' dir='ltr'>tum</span> <span class='ocrx_word' id='word_1_30' title='bbox 266 1077 307 1135; x_wconf 91' lang='lat' dir='ltr'>nt</span> <span class='ocrx_word' id='word_1_31' title='bbox 331 1073 468 1154; x_wconf 91' lang='lat' dir='ltr'>publice</span> <span class='ocrx_word' id='word_1_32' title='bbox 489 1081 662 1139; x_wconf 81' lang='lat' dir='ltr'>sereretur</span> <span class='ocrx_word' id='word_1_33' title='bbox 686 1073 773 1138; x_wconf 88' lang='lat' dir='ltr'>nihil</span> <span class='ocrx_word' id='word_1_34' title='bbox 793 1074 891 1137; x_wconf 89' lang='lat' dir='ltr'>illum</span> <span class='ocrx_word' id='word_1_35' title='bbox 912 1075 948 1137; x_wconf 93' lang='lat' dir='ltr'>in</span> <span class='ocrx_word' id='word_1_36' title='bbox 974 1073 1117 1140; x_wconf 81' lang='lat' dir='ltr'>foemina</span> 
     </span>
     <span class='ocr_line' id='line_1_7' title="bbox 163 1175 1115 1258; baseline 0.007 -26"><span class='ocrx_word' id='word_1_37' title='bbox 163 1187 287 1250; x_wconf 89' lang='lat' dir='ltr'>posse;</span> <span class='ocrx_word' id='word_1_38' title='bbox 311 1180 550 1251; x_wconf 83' lang='lat' dir='ltr'>veruntamen,</span> <span class='ocrx_word' id='word_1_39' title='bbox 567 1194 613 1237; x_wconf 87' lang='lat' dir='ltr'>ex</span> <span class='ocrx_word' id='word_1_40' title='bbox 638 1193 820 1258; x_wconf 89' lang='lat' dir='ltr'>procerum</span> <span class='ocrx_word' id='word_1_41' title='bbox 845 1175 1019 1239; x_wconf 86' lang='lat' dir='ltr'>sententia</span> <span class='ocrx_word' id='word_1_42' title='bbox 1040 1194 1115 1239; x_wconf 85' lang='lat' dir='ltr'>ma-</span> 
     </span>
     <span class='ocr_line' id='line_1_8' title="bbox 163 1269 1114 1356; baseline 0.008 -24"><span class='ocrx_word' id='word_1_43' title='bbox 163 1269 328 1336; x_wconf 90' lang='lat' dir='ltr'>trimonio</span> <span class='ocrx_word' id='word_1_44' title='bbox 344 1271 516 1351; x_wconf 87' lang='lat' dir='ltr'>addictus,</span> <span class='ocrx_word' id='word_1_45' title='bbox 532 1274 583 1337; x_wconf 90' lang='lat' dir='ltr'>ita</span> <span class='ocrx_word' id='word_1_46' title='bbox 607 1293 644 1338; x_wconf 90' lang='lat' dir='ltr'>se</span> <span class='ocrx_word' id='word_1_47' title='bbox 670 1275 743 1356; x_wconf 80' lang='lat' dir='ltr'>egit</span> <span class='ocrx_word' id='word_1_48' title='bbox 766 1280 806 1337; x_wconf 89' lang='lat' dir='ltr'>ut</span> <span class='ocrx_word' id='word_1_49' title='bbox 833 1274 990 1356; x_wconf 90' lang='lat' dir='ltr'>pluribus</span> <span class='ocrx_word' id='word_1_50' title='bbox 1012 1276 1114 1340; x_wconf 88' lang='lat' dir='ltr'>annis</span> 
     </span>
     <span class='ocr_line' id='line_1_9' title="bbox 162 1369 1116 1456; baseline 0.01 -26"><span class='ocrx_word' id='word_1_51' title='bbox 162 1369 294 1433; x_wconf 87' lang='lat' dir='ltr'>nullius</span> <span class='ocrx_word' id='word_1_52' title='bbox 319 1373 436 1454; x_wconf 90' lang='lat' dir='ltr'>probri</span> <span class='ocrx_word' id='word_1_53' title='bbox 470 1374 667 1456; x_wconf 85' lang='lat' dir='ltr'>suspicione</span> <span class='ocrx_word' id='word_1_54' title='bbox 695 1380 888 1438; x_wconf 75' lang='lat' dir='ltr'>notaretur.</span> <span class='ocrx_word' id='word_1_55' title='bbox 948 1374 1047 1439; x_wconf 86' lang='lat' dir='ltr'>Tulit</span> <span class='ocrx_word' id='word_1_56' title='bbox 1068 1395 1116 1440; x_wconf 81' lang='lat' dir='ltr'>ex-</span> 
     </span>
     <span class='ocr_line' id='line_1_10' title="bbox 161 1466 1114 1558; baseline 0.009 -27"><span class='ocrx_word' id='word_1_57' title='bbox 161 1466 312 1536; x_wconf 87' lang='lat' dir='ltr'>Matilde</span> <span class='ocrx_word' id='word_1_58' title='bbox 329 1471 457 1537; x_wconf 89' lang='lat' dir='ltr'>liberos</span> <span class='ocrx_word' id='word_1_59' title='bbox 474 1473 615 1552; x_wconf 75' lang='lat' dir='ltr'>multoS,</span> <span class='ocrx_word' id='word_1_60' title='bbox 632 1493 724 1558; x_wconf 83' lang='lat' dir='ltr'>quac,</span> <span class='ocrx_word' id='word_1_61' title='bbox 741 1480 778 1543; x_wconf 86' lang='lat' dir='ltr'>et</span> <span class='ocrx_word' id='word_1_62' title='bbox 794 1473 920 1538; x_wconf 89' lang='lat' dir='ltr'>marito</span> <span class='ocrx_word' id='word_1_63' title='bbox 940 1475 1114 1557; x_wconf 84' lang='lat' dir='ltr'>morigera</span> 
     </span>
     <span class='ocr_line' id='line_1_11' title="bbox 158 1571 1113 1653; baseline 0.007 -21"><span class='ocrx_word' id='word_1_64' title='bbox 158 1575 196 1633; x_wconf 88' lang='lat' dir='ltr'>et</span> <span class='ocrx_word' id='word_1_65' title='bbox 227 1571 326 1653; x_wconf 91' lang='lat' dir='ltr'>prole</span> <span class='ocrx_word' id='word_1_66' title='bbox 358 1571 532 1651; x_wconf 87' lang='lat' dir='ltr'>foecunda,</span> <span class='ocrx_word' id='word_1_67' title='bbox 564 1574 691 1638; x_wconf 90' lang='lat' dir='ltr'>nobilis</span> <span class='ocrx_word' id='word_1_68' title='bbox 716 1574 784 1638; x_wconf 90' lang='lat' dir='ltr'>viri</span> <span class='ocrx_word' id='word_1_69' title='bbox 811 1575 965 1638; x_wconf 87' lang='lat' dir='ltr'>animum</span> <span class='ocrx_word' id='word_1_70' title='bbox 991 1575 1026 1638; x_wconf 92' lang='lat' dir='ltr'>in</span> <span class='ocrx_word' id='word_1_71' title='bbox 1057 1577 1113 1639; x_wconf 90' lang='lat' dir='ltr'>sui</span> 
     </span>
     <span class='ocr_line' id='line_1_12' title="bbox 157 1670 1112 1757; baseline 0.009 -26"><span class='ocrx_word' id='word_1_72' title='bbox 157 1670 289 1734; x_wconf 87' lang='lat' dir='ltr'>amoris</span> <span class='ocrx_word' id='word_1_73' title='bbox 305 1672 476 1739; x_wconf 90' lang='lat' dir='ltr'>incitabat</span> <span class='ocrx_word' id='word_1_74' title='bbox 491 1673 668 1739; x_wconf 86' lang='lat' dir='ltr'>aculeum:</span> <span class='ocrx_word' id='word_1_75' title='bbox 691 1693 891 1757; x_wconf 90' lang='lat' dir='ltr'>quanquam</span> <span class='ocrx_word' id='word_1_76' title='bbox 910 1694 980 1739; x_wconf 94' lang='lat' dir='ltr'>non</span> <span class='ocrx_word' id='word_1_77' title='bbox 997 1675 1112 1740; x_wconf 89' lang='lat' dir='ltr'>desint</span> 
     </span>
     <span class='ocr_line' id='line_1_13' title="bbox 156 1768 1112 1857; baseline 0.008 -25"><span class='ocrx_word' id='word_1_78' title='bbox 156 1768 219 1851; x_wconf 92' lang='lat' dir='ltr'>qui</span> <span class='ocrx_word' id='word_1_79' title='bbox 237 1772 406 1852; x_wconf 81' lang='lat' dir='ltr'>ganniant</span> <span class='ocrx_word' id='word_1_80' title='bbox 422 1793 499 1838; x_wconf 91' lang='lat' dir='ltr'>eum</span> <span class='ocrx_word' id='word_1_81' title='bbox 525 1775 705 1840; x_wconf 88' lang='lat' dir='ltr'>coelibatui</span> <span class='ocrx_word' id='word_1_82' title='bbox 721 1774 867 1857; x_wconf 87' lang='lat' dir='ltr'>antiquo</span> <span class='ocrx_word' id='word_1_83' title='bbox 890 1776 1112 1840; x_wconf 81' lang='lat' dir='ltr'>renunciasse</span> 
     </span>
     <span class='ocr_line' id='line_1_14' title="bbox 155 1873 1110 1955; baseline 0.01 -24"><span class='ocrx_word' id='word_1_84' title='bbox 155 1887 237 1932; x_wconf 89' lang='lat' dir='ltr'>cum</span> <span class='ocrx_word' id='word_1_85' title='bbox 263 1873 361 1953; x_wconf 78' lang='lat' dir='ltr'>regia</span> <span class='ocrx_word' id='word_1_86' title='bbox 384 1881 541 1955; x_wconf 82' lang='lat' dir='ltr'>potestas</span> <span class='ocrx_word' id='word_1_87' title='bbox 566 1875 787 1952; x_wconf 78' lang='lat' dir='ltr'>accrevisset,</span> <span class='ocrx_word' id='word_1_88' title='bbox 812 1876 1009 1939; x_wconf 88' lang='lat' dir='ltr'>volutatum</span> <span class='ocrx_word' id='word_1_89' title='bbox 1031 1896 1110 1940; x_wconf 90' lang='lat' dir='ltr'>cum</span> 
     </span>
     <span class='ocr_line' id='line_1_15' title="bbox 154 1967 1110 2058; baseline 0.009 -26"><span class='ocrx_word' id='word_1_90' title='bbox 154 1967 340 2053; x_wconf 89' lang='lat' dir='ltr'>cujusdam</span> <span class='ocrx_word' id='word_1_91' title='bbox 372 1974 565 2058; x_wconf 85' lang='lat' dir='ltr'>presbyteri</span> <span class='ocrx_word' id='word_1_92' title='bbox 591 1974 676 2052; x_wconf 89' lang='lat' dir='ltr'>filia,</span> <span class='ocrx_word' id='word_1_93' title='bbox 704 1993 809 2057; x_wconf 90' lang='lat' dir='ltr'>quam</span> <span class='ocrx_word' id='word_1_94' title='bbox 834 1993 898 2057; x_wconf 93' lang='lat' dir='ltr'>per</span> <span class='ocrx_word' id='word_1_95' title='bbox 923 1975 1110 2041; x_wconf 79' lang='lat' dir='ltr'>satellitem</span> 
     </span>
     <span class='ocr_line' id='line_1_16' title="bbox 155 2071 1111 2159; baseline 0.007 -27"><span class='ocrx_word' id='word_1_96' title='bbox 155 2071 295 2136; x_wconf 87' lang='lat' dir='ltr'>succiso</span> <span class='ocrx_word' id='word_1_97' title='bbox 318 2074 450 2156; x_wconf 84' lang='lat' dir='ltr'>poplite</span> <span class='ocrx_word' id='word_1_98' title='bbox 478 2074 636 2143; x_wconf 83' lang='lat' dir='ltr'>Matildis</span> <span class='ocrx_word' id='word_1_99' title='bbox 663 2074 864 2154; x_wconf 84' lang='lat' dir='ltr'>sustulerit3</span> <span class='ocrx_word' id='word_1_100' title='bbox 897 2085 1111 2159; x_wconf 90' lang='lat' dir='ltr'>quapropter</span> 
     </span>
     <span class='ocr_line' id='line_1_17' title="bbox 152 2168 1110 2258; baseline 0.007 -26"><span class='ocrx_word' id='word_1_101' title='bbox 152 2168 256 2233; x_wconf 91' lang='lat' dir='ltr'>illum</span> <span class='ocrx_word' id='word_1_102' title='bbox 273 2171 544 2252; x_wconf 84' lang='lat' dir='ltr'>exhaeredatum,</span> <span class='ocrx_word' id='word_1_103' title='bbox 566 2175 663 2240; x_wconf 89' lang='lat' dir='ltr'>illam</span> <span class='ocrx_word' id='word_1_104' title='bbox 680 2174 724 2239; x_wconf 90' lang='lat' dir='ltr'>ad</span> <span class='ocrx_word' id='word_1_105' title='bbox 740 2182 887 2239; x_wconf 91' lang='lat' dir='ltr'>mortem</span> <span class='ocrx_word' id='word_1_106' title='bbox 902 2174 1012 2240; x_wconf 84' lang='lat' dir='ltr'>fraeno</span> <span class='ocrx_word' id='word_1_107' title='bbox 1028 2177 1110 2258; x_wconf 87' lang='lat' dir='ltr'>equi</span> 
     </span>
     <span class='ocr_line' id='line_1_18' title="bbox 153 2267 1108 2357; baseline 0.006 -25"><span class='ocrx_word' id='word_1_108' title='bbox 153 2288 295 2334; x_wconf 88' lang='lat' dir='ltr'>caesam.</span> <span class='ocrx_word' id='word_1_109' title='bbox 348 2267 434 2338; x_wconf 81' lang='lat' dir='ltr'>¹Sed</span> <span class='ocrx_word' id='word_1_110' title='bbox 451 2274 526 2338; x_wconf 86' lang='lat' dir='ltr'>haec</span> <span class='ocrx_word' id='word_1_111' title='bbox 541 2275 584 2339; x_wconf 93' lang='lat' dir='ltr'>de</span> <span class='ocrx_word' id='word_1_112' title='bbox 602 2280 702 2341; x_wconf 87' lang='lat' dir='ltr'>tanto</span> <span class='ocrx_word' id='word_1_113' title='bbox 719 2294 802 2357; x_wconf 84' lang='lat' dir='ltr'>rege</span> <span class='ocrx_word' id='word_1_114' title='bbox 813 2274 952 2339; x_wconf 89' lang='lat' dir='ltr'>credere</span> <span class='ocrx_word' id='word_1_115' title='bbox 970 2274 1108 2338; x_wconf 90' lang='lat' dir='ltr'>demen-</span> 
     </span>
     <span class='ocr_line' id='line_1_19' title="bbox 153 2369 1107 2458; baseline 0.007 -25"><span class='ocrx_word' id='word_1_116' title='bbox 153 2369 215 2434; x_wconf 83' lang='lat' dir='ltr'>tiae</span> <span class='ocrx_word' id='word_1_117' title='bbox 247 2372 404 2454; x_wconf 89' lang='lat' dir='ltr'>ascribo;</span> <span class='ocrx_word' id='word_1_118' title='bbox 444 2374 509 2440; x_wconf 93' lang='lat' dir='ltr'>hoc</span> <span class='ocrx_word' id='word_1_119' title='bbox 536 2381 738 2440; x_wconf 87' lang='lat' dir='ltr'>constanter</span> <span class='ocrx_word' id='word_1_120' title='bbox 767 2393 984 2453; x_wconf 81' lang='lat' dir='ltr'>asseverans,</span> <span class='ocrx_word' id='word_1_121' title='bbox 1014 2376 1107 2458; x_wconf 90' lang='lat' dir='ltr'>qnod</span> 
     </span>
     <span class='ocr_line' id='line_1_20' title="bbox 153 2469 1106 2554; baseline 0.008 -21"><span class='ocrx_word' id='word_1_122' title='bbox 153 2469 375 2554; x_wconf 86' lang='lat' dir='ltr'>aliquantula</span> <span class='ocrx_word' id='word_1_123' title='bbox 400 2473 559 2540; x_wconf 88' lang='lat' dir='ltr'>simultas</span> <span class='ocrx_word' id='word_1_124' title='bbox 585 2476 677 2540; x_wconf 90' lang='lat' dir='ltr'>inter</span> <span class='ocrx_word' id='word_1_125' title='bbox 707 2493 766 2540; x_wconf 87' lang='lat' dir='ltr'>eos</span> <span class='ocrx_word' id='word_1_126' title='bbox 794 2475 916 2540; x_wconf 87' lang='lat' dir='ltr'>innata</span> <span class='ocrx_word' id='word_1_127' title='bbox 941 2476 1106 2541; x_wconf 83' lang='lat' dir='ltr'>extremis</span> 
     </span>
     <span class='ocr_line' id='line_1_21' title="bbox 154 2572 1106 2658; baseline 0.006 -25"><span class='ocrx_word' id='word_1_128' title='bbox 154 2572 260 2635; x_wconf 84' lang='lat' dir='ltr'>annis</span> <span class='ocrx_word' id='word_1_129' title='bbox 281 2572 388 2639; x_wconf 88' lang='lat' dir='ltr'>fuerit</span> <span class='ocrx_word' id='word_1_130' title='bbox 408 2594 473 2658; x_wconf 92' lang='lat' dir='ltr'>pro</span> <span class='ocrx_word' id='word_1_131' title='bbox 498 2574 655 2640; x_wconf 90' lang='lat' dir='ltr'>Roberto</span> <span class='ocrx_word' id='word_1_132' title='bbox 686 2574 769 2653; x_wconf 92' lang='lat' dir='ltr'>filio,</span> <span class='ocrx_word' id='word_1_133' title='bbox 794 2577 851 2639; x_wconf 90' lang='lat' dir='ltr'>cui</span> <span class='ocrx_word' id='word_1_134' title='bbox 878 2583 990 2641; x_wconf 89' lang='lat' dir='ltr'>mater</span> <span class='ocrx_word' id='word_1_135' title='bbox 1016 2576 1106 2639; x_wconf 91' lang='lat' dir='ltr'>mili-</span> 
     </span>
     <span class='ocr_line' id='line_1_22' title="bbox 153 2674 1105 2741; baseline 0.007 -7"><span class='ocrx_word' id='word_1_136' title='bbox 153 2678 268 2737; x_wconf 89' lang='lat' dir='ltr'>tarem</span> <span class='ocrx_word' id='word_1_137' title='bbox 293 2691 434 2738; x_wconf 90' lang='lat' dir='ltr'>manum</span> <span class='ocrx_word' id='word_1_138' title='bbox 455 2694 500 2739; x_wconf 84' lang='lat' dir='ltr'>ex</span> <span class='ocrx_word' id='word_1_139' title='bbox 522 2674 596 2739; x_wconf 85' lang='lat' dir='ltr'>fisci</span> <span class='ocrx_word' id='word_1_140' title='bbox 617 2675 809 2740; x_wconf 85' lang='lat' dir='ltr'>redditibus</span> <span class='ocrx_word' id='word_1_141' title='bbox 835 2674 992 2740; x_wconf 88' lang='lat' dir='ltr'>sufficere</span> <span class='ocrx_word' id='word_1_142' title='bbox 1014 2674 1105 2741; x_wconf 89' lang='lat' dir='ltr'>dice·</span> 
     </span>
     <span class='ocr_line' id='line_1_23' title="bbox 150 2772 1134 2860; baseline 0.005 -25"><span class='ocrx_word' id='word_1_143' title='bbox 150 2772 277 2837; x_wconf 88' lang='lat' dir='ltr'>batur:</span> <span class='ocrx_word' id='word_1_144' title='bbox 301 2792 421 2837; x_wconf 89' lang='lat' dir='ltr'>verum</span> <span class='ocrx_word' id='word_1_145' title='bbox 437 2782 579 2860; x_wconf 90' lang='lat' dir='ltr'>propter</span> <span class='ocrx_word' id='word_1_146' title='bbox 592 2776 658 2840; x_wconf 93' lang='lat' dir='ltr'>hoc</span> <span class='ocrx_word' id='word_1_147' title='bbox 670 2775 757 2839; x_wconf 83' lang='lat' dir='ltr'>nihil</span> <span class='ocrx_word' id='word_1_148' title='bbox 772 2775 968 2859; x_wconf 85' lang='lat' dir='ltr'>conjugalis</span> <span class='ocrx_word' id='word_1_149' title='bbox 981 2775 1105 2858; x_wconf 77' lang='lat' dir='ltr'>gratim</span> <span class='ocrx_word' id='word_1_150' title='bbox 1127 2777 1134 2782; x_wconf 76' lang='grc'><em>“</em></span> 
     </span>
     <span class='ocr_line' id='line_1_24' title="bbox 151 2870 1239 2958; baseline 0.005 -22"><span class='ocrx_word' id='word_1_151' title='bbox 151 2870 363 2937; x_wconf 87' lang='lat' dir='ltr'>diminutum</span> <span class='ocrx_word' id='word_1_152' title='bbox 376 2875 451 2957; x_wconf 92' lang='lat' dir='ltr'>ipse</span> <span class='ocrx_word' id='word_1_153' title='bbox 469 2874 632 2953; x_wconf 88' lang='lat' dir='ltr'>ostendit,</span> <span class='ocrx_word' id='word_1_154' title='bbox 648 2875 730 2939; x_wconf 92' lang='lat' dir='ltr'>dum</span> <span class='ocrx_word' id='word_1_155' title='bbox 746 2882 897 2958; x_wconf 91' lang='lat' dir='ltr'>quatuor</span> <span class='ocrx_word' id='word_1_156' title='bbox 909 2876 1009 2939; x_wconf 88' lang='lat' dir='ltr'>annis</span> <span class='ocrx_word' id='word_1_157' title='bbox 1023 2883 1105 2940; x_wconf 87' lang='lat' dir='ltr'>ante</span> <span class='ocrx_word' id='word_1_158' title='bbox 1117 2892 1239 2933; x_wconf 61' lang='lat' dir='ltr'>alr-1⁰⁸³-</span> 
     </span>
    </p>
   </div>
   <div class='ocr_carea' id='block_1_3' title="bbox 149 2972 1105 3458">
    <p class='ocr_par' dir='ltr' id='par_1_4' title="bbox 149 2972 1105 3458">
     <span class='ocr_line' id='line_1_25' title="bbox 153 2972 1105 3058; baseline 0.004 -23"><span class='ocrx_word' id='word_1_159' title='bbox 153 2990 191 3035; x_wconf 88' lang='lat' dir='ltr'>se</span> <span class='ocrx_word' id='word_1_160' title='bbox 216 2972 429 3051; x_wconf 89' lang='lat' dir='ltr'>defunctam,</span> <span class='ocrx_word' id='word_1_161' title='bbox 456 2982 491 3039; x_wconf 88' lang='lat' dir='ltr'>et</span> <span class='ocrx_word' id='word_1_162' title='bbox 518 2974 869 3058; x_wconf 84' lang='lat' dir='ltr'>magnificentissimis</span> <span class='ocrx_word' id='word_1_163' title='bbox 888 2974 1021 3039; x_wconf 88' lang='lat' dir='ltr'>inferiis</span> <span class='ocrx_word' id='word_1_164' title='bbox 1043 2994 1105 3039; x_wconf 89' lang='lat' dir='ltr'>ex-</span> 
     </span>
     <span class='ocr_line' id='line_1_26' title="bbox 152 3072 1104 3160; baseline 0.005 -26"><span class='ocrx_word' id='word_1_165' title='bbox 152 3072 248 3149; x_wconf 91' lang='lat' dir='ltr'>tulit,</span> <span class='ocrx_word' id='word_1_166' title='bbox 264 3079 311 3150; x_wconf 93' lang='lat' dir='ltr'>et,</span> <span class='ocrx_word' id='word_1_167' title='bbox 329 3073 516 3158; x_wconf 86' lang='lat' dir='ltr'>lachrymis</span> <span class='ocrx_word' id='word_1_168' title='bbox 533 3096 595 3160; x_wconf 89' lang='lat' dir='ltr'>per</span> <span class='ocrx_word' id='word_1_169' title='bbox 610 3076 738 3140; x_wconf 92' lang='lat' dir='ltr'>multos</span> <span class='ocrx_word' id='word_1_170' title='bbox 762 3075 837 3138; x_wconf 89' lang='lat' dir='ltr'>dies</span> <span class='ocrx_word' id='word_1_171' title='bbox 858 3074 1006 3138; x_wconf 89' lang='lat' dir='ltr'>ubertim</span> <span class='ocrx_word' id='word_1_172' title='bbox 1022 3094 1104 3156; x_wconf 91' lang='lat' dir='ltr'>pro·</span> 
     </span>
     <span class='ocr_line' id='line_1_27' title="bbox 150 3174 1104 3258; baseline 0.005 -23"><span class='ocrx_word' id='word_1_173' title='bbox 150 3178 307 3250; x_wconf 86' lang='lat' dir='ltr'>secutus,</span> <span class='ocrx_word' id='word_1_174' title='bbox 321 3174 458 3239; x_wconf 85' lang='lat' dir='ltr'>amissae</span> <span class='ocrx_word' id='word_1_175' title='bbox 475 3174 680 3239; x_wconf 89' lang='lat' dir='ltr'>charitatem</span> <span class='ocrx_word' id='word_1_176' title='bbox 695 3175 954 3252; x_wconf 88' lang='lat' dir='ltr'>desideraverit,</span> <span class='ocrx_word' id='word_1_177' title='bbox 969 3176 1054 3258; x_wconf 91' lang='lat' dir='ltr'>quin</span> <span class='ocrx_word' id='word_1_178' title='bbox 1068 3183 1104 3240; x_wconf 93' lang='lat' dir='ltr'>et</span> 
     </span>
     <span class='ocr_line' id='line_1_28' title="bbox 149 3275 1104 3358; baseline 0.005 -24"><span class='ocrx_word' id='word_1_179' title='bbox 149 3290 197 3335; x_wconf 87' lang='lat' dir='ltr'>ex</span> <span class='ocrx_word' id='word_1_180' title='bbox 224 3291 266 3335; x_wconf 90' lang='lat' dir='ltr'>eo</span> <span class='ocrx_word' id='word_1_181' title='bbox 292 3278 459 3356; x_wconf 90' lang='lat' dir='ltr'>tempore,</span> <span class='ocrx_word' id='word_1_182' title='bbox 484 3275 514 3338; x_wconf 91' lang='lat' dir='ltr'>si</span> <span class='ocrx_word' id='word_1_183' title='bbox 537 3275 721 3353; x_wconf 90' lang='lat' dir='ltr'>credimus,</span> <span class='ocrx_word' id='word_1_184' title='bbox 746 3276 791 3338; x_wconf 88' lang='lat' dir='ltr'>ab</span> <span class='ocrx_word' id='word_1_185' title='bbox 816 3275 910 3338; x_wconf 90' lang='lat' dir='ltr'>omni</span> <span class='ocrx_word' id='word_1_186' title='bbox 922 3275 1104 3358; x_wconf 88' lang='lat' dir='ltr'>voluptate</span> 
     </span>
     <span class='ocr_line' id='line_1_29' title="bbox 150 3367 1104 3458; baseline 0.006 -24"><span class='ocrx_word' id='word_1_187' title='bbox 150 3370 312 3440; x_wconf 85' lang='lat' dir='ltr'>descivit.</span> <span class='ocrx_word' id='word_1_188' title='bbox 363 3367 526 3457; x_wconf 83' lang='lat' dir='ltr'>²Sepulta</span> <span class='ocrx_word' id='word_1_189' title='bbox 552 3383 606 3441; x_wconf 89' lang='lat' dir='ltr'>est</span> <span class='ocrx_word' id='word_1_190' title='bbox 634 3376 755 3458; x_wconf 83' lang='lat' dir='ltr'>regina</span> <span class='ocrx_word' id='word_1_191' title='bbox 780 3372 943 3439; x_wconf 86' lang='lat' dir='ltr'>Gadomis</span> <span class='ocrx_word' id='word_1_192' title='bbox 970 3375 1007 3439; x_wconf 91' lang='lat' dir='ltr'>in</span> <span class='ocrx_word' id='word_1_193' title='bbox 1031 3395 1104 3439; x_wconf 92' lang='lat' dir='ltr'>mo-</span> 
     </span>
    </p>
   </div>
   <div class='ocr_carea' id='block_1_4' title="bbox 147 3545 1103 4384">
    <p class='ocr_par' dir='ltr' id='par_1_5' title="bbox 147 3545 1103 4384">
     <span class='ocr_line' id='line_1_30' title="bbox 187 3545 1103 3614; baseline 0.002 -15"><span class='ocrx_word' id='word_1_194' title='bbox 187 3545 195 3576; x_wconf 94' lang='lat'>¹</span> <span class='ocrx_word' id='word_1_195' title='bbox 214 3548 265 3599; x_wconf 80' lang='lat' dir='ltr'>Sed</span> <span class='ocrx_word' id='word_1_196' title='bbox 276 3550 329 3599; x_wconf 80' lang='lat' dir='ltr'>hoec</span> <span class='ocrx_word' id='word_1_197' title='bbox 346 3550 510 3614; x_wconf 53' lang='lat' dir='ltr'>...ascribed</span> <span class='ocrx_word' id='word_1_198' title='bbox 529 3551 616 3601; x_wconf 67' lang='lat' dir='ltr'>‘stul</span> <span class='ocrx_word' id='word_1_199' title='bbox 640 3551 815 3614; x_wconf 84' lang='lat' dir='ltr'>Cadomensis,</span> <span class='ocrx_word' id='word_1_200' title='bbox 825 3551 920 3600; x_wconf 88' lang='lat' dir='ltr'>ibidem</span> <span class='ocrx_word' id='word_1_201' title='bbox 932 3552 1046 3601; x_wconf 87' lang='lat' dir='ltr'>ediditin</span> <span class='ocrx_word' id='word_1_202' title='bbox 1058 3549 1103 3601; x_wconf 69' lang='lat'>8⁰!</span> 
     </span>
     <span class='ocr_line' id='line_1_31' title="bbox 147 3618 1021 3689; baseline 0.002 -20"><span class='ocrx_word' id='word_1_203' title='bbox 147 3623 204 3669; x_wconf 87' lang='lat' dir='ltr'>tum</span> <span class='ocrx_word' id='word_1_204' title='bbox 215 3620 296 3681; x_wconf 77' lang='lat' dir='ltr'>igitur</span> <span class='ocrx_word' id='word_1_205' title='bbox 314 3634 345 3669; x_wconf 86' lang='lat' dir='ltr'>ac</span> <span class='ocrx_word' id='word_1_206' title='bbox 362 3620 462 3669; x_wconf 84' lang='lat' dir='ltr'>omuino</span> <span class='ocrx_word' id='word_1_207' title='bbox 471 3620 615 3671; x_wconf 80' lang='lat' dir='ltr'>fabulosum</span> <span class='ocrx_word' id='word_1_208' title='bbox 638 3621 719 3689; x_wconf 91' lang='lat' dir='ltr'>(Note</span> <span class='ocrx_word' id='word_1_209' title='bbox 729 3623 756 3670; x_wconf 89' lang='lat' dir='ltr'>in</span> <span class='ocrx_word' id='word_1_210' title='bbox 768 3622 852 3683; x_wconf 87' lang='lat' dir='ltr'>Bonq.</span> <span class='ocrx_word' id='word_1_211' title='bbox 863 3634 900 3671; x_wconf 72' lang='grc' dir='ltr'>ιι.</span> <span class='ocrx_word' id='word_1_212' title='bbox 911 3637 938 3683; x_wconf 90' lang='lat' dir='ltr'>p.</span> <span class='ocrx_word' id='word_1_213' title='bbox 951 3618 1021 3686; x_wconf 78' lang='lat'>188.)</span> 
     </span>
     <span class='ocr_line' id='line_1_32' title="bbox 148 3688 616 3753; baseline 0.006 -15"><span class='ocrx_word' id='word_1_214' title='bbox 148 3688 200 3739; x_wconf 76' lang='lat' dir='ltr'>hac</span> <span class='ocrx_word' id='word_1_215' title='bbox 216 3690 244 3738; x_wconf 88' lang='lat' dir='ltr'>in</span> <span class='ocrx_word' id='word_1_216' title='bbox 259 3694 333 3753; x_wconf 82' lang='lat' dir='ltr'>parte</span> <span class='ocrx_word' id='word_1_217' title='bbox 350 3694 390 3739; x_wconf 84' lang='lat' dir='ltr'>est</span> <span class='ocrx_word' id='word_1_218' title='bbox 399 3690 533 3740; x_wconf 85' lang='lat' dir='ltr'>chronicon</span> <span class='ocrx_word' id='word_1_219' title='bbox 549 3692 616 3741; x_wconf 88' lang='lat' dir='ltr'>Nor·</span> 
     </span>
     <span class='ocr_line' id='line_1_33' title="bbox 149 3758 1103 3825; baseline 0.001 -17"><span class='ocrx_word' id='word_1_220' title='bbox 149 3760 272 3823; x_wconf 83' lang='lat' dir='ltr'>manniae,</span> <span class='ocrx_word' id='word_1_221' title='bbox 284 3761 346 3809; x_wconf 89' lang='lat' dir='ltr'>dnm</span> <span class='ocrx_word' id='word_1_222' title='bbox 364 3760 391 3809; x_wconf 87' lang='lat' dir='ltr'>id</span> <span class='ocrx_word' id='word_1_223' title='bbox 408 3763 512 3810; x_wconf 84' lang='lat' dir='ltr'>monstri</span> <span class='ocrx_word' id='word_1_224' title='bbox 522 3760 580 3824; x_wconf 80' lang='lat' dir='ltr'>fert,</span> <span class='ocrx_word' id='word_1_225' title='bbox 590 3767 616 3811; x_wconf 89' lang='lat' dir='ltr'>et</span> <span class='ocrx_word' id='word_1_226' title='bbox 675 3758 685 3789; x_wconf 76' lang='lat'>²</span> <span class='ocrx_word' id='word_1_227' title='bbox 703 3761 806 3825; x_wconf 75' lang='lat' dir='ltr'>Sepulto</span> <span class='ocrx_word' id='word_1_228' title='bbox 826 3766 864 3809; x_wconf 79' lang='lat' dir='ltr'>ert</span> <span class='ocrx_word' id='word_1_229' title='bbox 884 3761 972 3823; x_wconf 74' lang='lat' dir='ltr'>regina</span> <span class='ocrx_word' id='word_1_230' title='bbox 989 3762 1103 3809; x_wconf 63' lang='lat' dir='ltr'>Cadmeis</span> 
     </span>
     <span class='ocr_line' id='line_1_34' title="bbox 147 3826 1099 3897; baseline 0.001 -19"><span class='ocrx_word' id='word_1_231' title='bbox 147 3828 216 3879; x_wconf 85' lang='lat' dir='ltr'>illud</span> <span class='ocrx_word' id='word_1_232' title='bbox 238 3831 324 3891; x_wconf 80' lang='lat' dir='ltr'>ipsum</span> <span class='ocrx_word' id='word_1_233' title='bbox 351 3834 438 3879; x_wconf 80' lang='lat' dir='ltr'>contra</span> <span class='ocrx_word' id='word_1_234' title='bbox 466 3830 615 3893; x_wconf 86' lang='lat' dir='ltr'>scriptorum</span> <span class='ocrx_word' id='word_1_235' title='bbox 639 3831 821 3880; x_wconf 67' lang='lat' dir='ltr'>temerario</span> <span class='ocrx_word' id='word_1_236' title='bbox 837 3834 928 3880; x_wconf 73' lang='lat' dir='ltr'>meta</span> <span class='ocrx_word' id='word_1_237' title='bbox 944 3826 1099 3897; x_wconf 60' lang='lat' dir='ltr'>mmm]</span> 
     </span>
     <span class='ocr_line' id='line_1_35' title="bbox 149 3899 1100 3961; baseline 0 -12"><span class='ocrx_word' id='word_1_238' title='bbox 149 3899 291 3961; x_wconf 66' lang='lat' dir='ltr'>equalium</span> <span class='ocrx_word' id='word_1_239' title='bbox 313 3901 487 3949; x_wconf 83' lang='lat' dir='ltr'>auctoritatem</span> <span class='ocrx_word' id='word_1_240' title='bbox 514 3902 617 3951; x_wconf 81' lang='lat' dir='ltr'>exhibet</span> <span class='ocrx_word' id='word_1_241' title='bbox 639 3901 750 3950; x_wconf 81' lang='lat' dir='ltr'>Matilda</span> <span class='ocrx_word' id='word_1_242' title='bbox 774 3900 836 3949; x_wconf 89' lang='lat' dir='ltr'>died</span> <span class='ocrx_word' id='word_1_243' title='bbox 863 3901 913 3949; x_wconf 66' lang='lat' dir='ltr'>hnd</span> <span class='ocrx_word' id='word_1_244' title='bbox 936 3900 1003 3949; x_wconf 84' lang='lat' dir='ltr'>Nor.</span> <span class='ocrx_word' id='word_1_245' title='bbox 1027 3902 1100 3949; x_wconf 73' lang='lat'><strong>1⁰8⁸.</strong></span> 
     </span>
     <span class='ocr_line' id='line_1_36' title="bbox 147 3968 1101 4032; baseline -0.004 -13"><span class='ocrx_word' id='word_1_246' title='bbox 147 3973 272 4032; x_wconf 80' lang='lat' dir='ltr'>tauquam</span> <span class='ocrx_word' id='word_1_247' title='bbox 301 3970 460 4020; x_wconf 86' lang='lat' dir='ltr'>occasionem</span> <span class='ocrx_word' id='word_1_248' title='bbox 488 3976 616 4021; x_wconf 79' lang='lat' dir='ltr'>consu-uc-</span> <span class='ocrx_word' id='word_1_249' title='bbox 639 3970 689 4020; x_wconf 91' lang='lat' dir='ltr'>She</span> <span class='ocrx_word' id='word_1_250' title='bbox 708 3969 868 4032; x_wconf 79' lang='lat' dir='ltr'>bequcethed</span> <span class='ocrx_word' id='word_1_251' title='bbox 886 3974 912 4019; x_wconf 87' lang='lat' dir='ltr'>to</span> <span class='ocrx_word' id='word_1_252' title='bbox 930 3968 981 4017; x_wconf 82' lang='lat' dir='ltr'>this</span> <span class='ocrx_word' id='word_1_253' title='bbox 1001 3979 1101 4016; x_wconf 79' lang='lat' dir='ltr'>monas·</span> 
     </span>
     <span class='ocr_line' id='line_1_37' title="bbox 148 4038 1102 4103; baseline -0.001 -17"><span class='ocrx_word' id='word_1_254' title='bbox 148 4038 228 4089; x_wconf 81' lang='lat' dir='ltr'>tionis</span> <span class='ocrx_word' id='word_1_255' title='bbox 255 4040 366 4089; x_wconf 82' lang='lat' dir='ltr'>duarum</span> <span class='ocrx_word' id='word_1_256' title='bbox 388 4039 494 4089; x_wconf 84' lang='lat' dir='ltr'>cadomi</span> <span class='ocrx_word' id='word_1_257' title='bbox 520 4042 617 4090; x_wconf 80' lang='lat' dir='ltr'>abbati-</span> <span class='ocrx_word' id='word_1_258' title='bbox 640 4040 751 4103; x_wconf 78' lang='lat' dir='ltr'>teryher</span> <span class='ocrx_word' id='word_1_259' title='bbox 769 4042 982 4100; x_wconf 81' lang='lat' dir='ltr'>crown‚sceptre,</span> <span class='ocrx_word' id='word_1_260' title='bbox 995 4038 1046 4086; x_wconf 86' lang='lat' dir='ltr'>and</span> <span class='ocrx_word' id='word_1_261' title='bbox 1062 4052 1102 4086; x_wconf 87' lang='lat' dir='ltr'>or·</span> 
     </span>
     <span class='ocr_line' id='line_1_38' title="bbox 149 4106 1102 4173; baseline -0.003 -15"><span class='ocrx_word' id='word_1_262' title='bbox 149 4122 234 4159; x_wconf 77' lang='lat' dir='ltr'>arum.</span> <span class='ocrx_word' id='word_1_263' title='bbox 258 4110 327 4159; x_wconf 90' lang='lat' dir='ltr'>Vide</span> <span class='ocrx_word' id='word_1_264' title='bbox 349 4109 502 4173; x_wconf 72' lang='lat' dir='ltr'>apologiam</span> <span class='ocrx_word' id='word_1_265' title='bbox 518 4110 617 4161; x_wconf 84' lang='lat' dir='ltr'>Willel·</span> <span class='ocrx_word' id='word_1_266' title='bbox 640 4116 754 4159; x_wconf 81' lang='lat' dir='ltr'>nements</span> <span class='ocrx_word' id='word_1_267' title='bbox 764 4110 794 4159; x_wconf 83' lang='lat' dir='ltr'>of</span> <span class='ocrx_word' id='word_1_268' title='bbox 801 4114 875 4159; x_wconf 76' lang='lat' dir='ltr'>state.</span> <span class='ocrx_word' id='word_1_269' title='bbox 910 4109 935 4157; x_wconf 78' lang='lat' dir='ltr'>A</span> <span class='ocrx_word' id='word_1_270' title='bbox 946 4122 1012 4169; x_wconf 84' lang='lat' dir='ltr'>copy</span> <span class='ocrx_word' id='word_1_271' title='bbox 1019 4106 1049 4155; x_wconf 83' lang='lat' dir='ltr'>oi</span> <span class='ocrx_word' id='word_1_272' title='bbox 1055 4108 1102 4156; x_wconf 83' lang='lat' dir='ltr'>her</span> 
     </span>
     <span class='ocr_line' id='line_1_39' title="bbox 150 4177 1102 4242; baseline -0.004 -13"><span class='ocrx_word' id='word_1_273' title='bbox 150 4179 198 4241; x_wconf 84' lang='lat' dir='ltr'>mi,</span> <span class='ocrx_word' id='word_1_274' title='bbox 215 4194 294 4241; x_wconf 83' lang='lat' dir='ltr'>quam</span> <span class='ocrx_word' id='word_1_275' title='bbox 312 4179 431 4228; x_wconf 87' lang='lat' dir='ltr'>dominns</span> <span class='ocrx_word' id='word_1_276' title='bbox 446 4184 530 4230; x_wconf 87' lang='lat' dir='ltr'>noster</span> <span class='ocrx_word' id='word_1_277' title='bbox 548 4181 617 4230; x_wconf 82' lang='lat' dir='ltr'>Mat·</span> <span class='ocrx_word' id='word_1_278' title='bbox 639 4180 695 4230; x_wconf 85' lang='lat' dir='ltr'>will</span> <span class='ocrx_word' id='word_1_279' title='bbox 711 4180 812 4242; x_wconf 85' lang='lat' dir='ltr'>maybe</span> <span class='ocrx_word' id='word_1_280' title='bbox 831 4193 891 4229; x_wconf 82' lang='lat' dir='ltr'>seen</span> <span class='ocrx_word' id='word_1_281' title='bbox 909 4178 936 4226; x_wconf 91' lang='lat' dir='ltr'>in</span> <span class='ocrx_word' id='word_1_282' title='bbox 953 4177 995 4227; x_wconf 87' lang='lat' dir='ltr'>the</span> <span class='ocrx_word' id='word_1_283' title='bbox 1012 4178 1102 4226; x_wconf 82' lang='lat' dir='ltr'>Essais</span> 
     </span>
     <span class='ocr_line' id='line_1_40' title="bbox 148 4246 1103 4314; baseline -0.002 -17"><span class='ocrx_word' id='word_1_284' title='bbox 148 4248 236 4299; x_wconf 68' lang='lat' dir='ltr'>thaeus</span> <span class='ocrx_word' id='word_1_285' title='bbox 254 4248 288 4302; x_wconf 89' lang='lat' dir='ltr'>de</span> <span class='ocrx_word' id='word_1_286' title='bbox 299 4249 326 4299; x_wconf 84' lang='lat' dir='ltr'>la</span> <span class='ocrx_word' id='word_1_287' title='bbox 337 4249 439 4311; x_wconf 79' lang='lat' dir='ltr'>Dangie</span> <span class='ocrx_word' id='word_1_288' title='bbox 450 4250 482 4301; x_wconf 85' lang='lat' dir='ltr'>de</span> <span class='ocrx_word' id='word_1_289' title='bbox 492 4249 618 4314; x_wconf 76' lang='lat' dir='ltr'>Bacchis,</span> <span class='ocrx_word' id='word_1_290' title='bbox 641 4251 814 4313; x_wconf 87' lang='lat' dir='ltr'>Historiques,</span> <span class='ocrx_word' id='word_1_291' title='bbox 830 4250 865 4310; x_wconf 84' lang='lat' dir='ltr'>by</span> <span class='ocrx_word' id='word_1_292' title='bbox 881 4248 923 4297; x_wconf 87' lang='lat' dir='ltr'>the</span> <span class='ocrx_word' id='word_1_293' title='bbox 935 4246 1009 4296; x_wconf 72' lang='lat' dir='ltr'>Abbe</span> <span class='ocrx_word' id='word_1_294' title='bbox 1026 4248 1057 4296; x_wconf 91' lang='lat' dir='ltr'>de</span> <span class='ocrx_word' id='word_1_295' title='bbox 1076 4248 1103 4296; x_wconf 88' lang='lat' dir='ltr'>la</span> 
     </span>
     <span class='ocr_line' id='line_1_41' title="bbox 147 4318 936 4384; baseline 0.004 -18"><span class='ocrx_word' id='word_1_296' title='bbox 147 4318 298 4373; x_wconf 82' lang='lat' dir='ltr'>cellerarius</span> <span class='ocrx_word' id='word_1_297' title='bbox 316 4319 429 4369; x_wconf 83' lang='lat' dir='ltr'>abbatiae</span> <span class='ocrx_word' id='word_1_298' title='bbox 450 4319 477 4369; x_wconf 88' lang='lat' dir='ltr'>S.</span> <span class='ocrx_word' id='word_1_299' title='bbox 495 4320 616 4384; x_wconf 88' lang='lat' dir='ltr'>Stephani</span> <span class='ocrx_word' id='word_1_300' title='bbox 641 4321 707 4382; x_wconf 88' lang='lat' dir='ltr'>Rue,</span> <span class='ocrx_word' id='word_1_301' title='bbox 717 4324 777 4369; x_wconf 84' lang='lat' dir='ltr'>tom.</span> <span class='ocrx_word' id='word_1_302' title='bbox 793 4332 822 4369; x_wconf 89' lang='lat'>11.</span> <span class='ocrx_word' id='word_1_303' title='bbox 840 4334 866 4380; x_wconf 88' lang='lat' dir='ltr'>p.</span> <span class='ocrx_word' id='word_1_304' title='bbox 878 4320 936 4369; x_wconf 73' lang='lat'>⁴87.</span> 
     </span>
    </p>
   </div>
   <div class='ocr_carea' id='block_1_5' title="bbox 888 4392 951 4457">
    <p class='ocr_par' dir='ltr' id='par_1_6' title="bbox 888 4392 951 4457">
     <span class='ocr_line' id='line_1_42' title="bbox 888 4392 951 4457; baseline 0.032 -2"><span class='ocrx_word' id='word_1_305' title='bbox 888 4392 951 4457; x_wconf 73' lang='grc' dir='ltr'>2η</span> 
     </span>
    </p>
   </div>
   <div class='ocr_carea' id='block_1_6' title="bbox 0 0 1554 5050">
    <p class='ocr_par' dir='ltr' id='par_1_7' title="bbox 0 0 1554 5050">
     <span class='ocr_line' id='line_1_43' title="bbox 0 0 1554 5050; baseline 0 6"><span class='ocrx_word' id='word_1_306' title='bbox 0 0 1554 5050; x_wconf 95' lang='lat' dir='ltr'> </span> 
     </span>
    </p>
   </div>
  </div>
 </body>
</html>
