3100 5050
407 501 475 568 oet
623 516 738 568 onera
760 516 889 566 anouu
912 515 1128 566 sucnoauu.
1222 500 1311 583 [cre.
1325 515 1362 563 v.

409 677 495 741 rinae
511 675 680 759 applicari
688 675 808 760 jussit,
824 681 864 741 ut
875 695 1028 741 sororem
1039 675 1219 758 exciperet
1232 693 1242 753 ;
1264 691 1358 736 mor-

410 785 481 842 tem
505 776 661 840 misellus
682 795 746 859 pro
770 777 962 841 clementiae
984 774 1216 841 teneritudine
1236 773 1359 854 indep-

410 883 487 942 tus:
510 877 676 941 continuo
697 877 790 940 enim
804 875 1024 941 multitudiue
1039 875 1265 940 insilientium
1279 891 1358 938 soa·

409 976 480 1059 pha
504 977 598 1041 victa
622 976 791 1055 subsedit,
812 995 999 1058 omnesque
1020 976 1152 1059 pariter
1174 973 1282 1038 fundo
1304 973 1359 1036 iu·

410 1076 533 1143 volvit.
584 1075 710 1142 Evasit
733 1095 826 1140 nnus
847 1083 883 1140 et
906 1076 966 1140 ille
994 1074 1156 1158 agrestis,
1184 1074 1257 1156 qui,
1281 1079 1359 1137 tota

411 1184 513 1241 nocte
534 1175 628 1240 malo
654 1183 899 1258 supernatans,
917 1194 1020 1240 mane
1042 1176 1152 1240 totins
1174 1171 1359 1255 tragoediee

410 1283 527 1341 actum
543 1276 724 1358 expressit.
778 1275 887 1340 Nulla
902 1295 1055 1358 unquam
1076 1274 1144 1338 fuit
1164 1273 1265 1338 naris
1281 1270 1359 1339 An-

411 1377 492 1456 gliae
515 1381 625 1441 tantae
647 1374 808 1452 mmeriae,
822 1375 920 1440 nulla
942 1376 1009 1440 toti
1030 1375 1105 1438 orbi
1126 1381 1199 1438 tam
1226 1373 1359 1457 patnlae

410 1476 524 1539 lamae.
576 1473 687 1538 Periit
700 1475 840 1540 ibicum
856 1473 1038 1540 Willelmo
1048 1474 1137 1539 alter
1153 1473 1245 1538 tilius
1263 1472 1359 1554 regis

374 1643 378 1649 ,
411 1573 597 1652 Ricardus,
612 1593 715 1657 quem
739 1582 822 1638 ante
844 1593 988 1657 regnum
1009 1593 1054 1638 ex
1071 1573 1275 1657 provinciali
1294 1572 1361 1636 foe-
1444 1571 1455 1591 ⁶

411 1675 506 1738 mina
533 1681 745 1756 susceperat,
761 1674 903 1758 juvenis
934 1675 1175 1756 magnanimus
1203 1680 1239 1737 et
1266 1672 1360 1755 patri

411 1794 475 1857 pro
489 1774 656 1857 obsequio
672 1781 859 1857 acceptus3
876 1773 1050 1839 Ricardus
1066 1791 1182 1837 comes
1199 1771 1360 1849 Cestriae,

411 1880 447 1937 et
460 1873 569 1936 frater
589 1872 666 1957 ejus
684 1873 846 1951 Otuelus,
870 1874 1040 1940 nutricius
1061 1879 1097 1937 et
1113 1872 1280 1955 magister
1295 1872 1360 1936 filii

412 1973 526 2054 regis;
550 1972 623 2038 iilia
647 1972 753 2055 regis,
781 1974 958 2038 comitissa
983 1973 1155 2053 Perticee3
1183 1971 1361 2055 atneptis

412 2073 501 2157 ejus,
526 2092 626 2137 soror
653 2072 853 2150 Thetbeldi,
875 2074 1054 2138 comitissa
1079 2071 1245 2137 Cestriae:
1269 2091 1360 2155 prae·

412 2179 509 2237 terea
523 2173 682 2255 quisquis
698 2180 774 2236 erat
789 2172 826 2234 in
843 2174 941 2238 curia
954 2173 1163 2238 lectissimus
1184 2171 1285 2236 miles
1303 2171 1361 2236 vel

411 2273 624 2355 capellanus,
641 2278 677 2335 et
692 2273 899 2355 optimatum
915 2272 978 2336 tilii
994 2273 1037 2336 ad
1054 2271 1214 2336 militiam
1235 2291 1362 2354 prove-

410 2371 537 2452 hendi;
561 2365 800 2436 ¹aocurrerant
817 2373 908 2436 enim
929 2372 1081 2455 undique
1093 2369 1152 2457 (ut
1168 2367 1274 2455 dixi),
1288 2391 1360 2435 non

411 2471 489 2537 leve
514 2471 636 2554 gloriae
656 2489 729 2536 suae
754 2471 970 2536 numeraturi
993 2471 1210 2537 commodum
1232 2471 1264 2536 si
1288 2471 1361 2537 filio

412 2574 505 2653 regis
521 2572 579 2636 vel
590 2570 764 2636 deferrent
782 2571 952 2636 ludicrum
969 2572 1027 2637 vel
1043 2571 1239 2637 conferrent
1260 2573 1362 2637 obse·

411 2672 540 2753 quium.
593 2668 908 2753 Accumulavitque
925 2671 1158 2736 calamitatem
1175 2670 1362 2737 difficultas

411 2769 695 2835 inveniendorum
729 2771 950 2848 cadaverum,
984 2772 1068 2853 qnia
1099 2771 1265 2853 dispersis
1297 2792 1363 2855 per

411 2870 531 2935 littora
547 2870 791 2953 quaesitoribus
814 2871 947 2935 nullum
963 2870 1066 2936 facile
1086 2878 1261 2954 repertum
1284 2880 1362 2951 est;

412 2970 474 3034 sed
498 2970 612 3033 ierunt
634 2976 707 3034 tam
732 2969 884 3034 delicata
909 2989 1056 3054 corpora
1084 2972 1253 3055 aequoreis
1282 2991 1363 3036 crn-

412 3068 504 3133 delia
536 3069 665 3151 pabula
695 3070 872 3135 monstris.
924 3069 947 3135 J
950 3062 1112 3136 uveuouli
1138 3090 1222 3153 ergo
1249 3079 1362 3136 morte

412 3170 565 3251 cognita,
581 3189 637 3233 res
659 3169 783 3233 mirum
804 3170 841 3234 in
862 3169 1002 3235 modum
1018 3178 1175 3235 mutate.
1227 3170 1362 3236 Parens

411 3269 505 3333 euim
519 3267 699 3333 coelibatui
715 3270 947 3347 renunciavit,
956 3271 1013 3334 oui
1028 3276 1267 3353 postmortem
1280 3270 1361 3335 Ma-

411 3367 508 3433 tildis
521 3367 715 3445 studuerat,
726 3368 862 3434 futuros
877 3369 1032 3435 haeredes
1046 3389 1092 3433 ex
1103 3390 1196 3435 nova
1209 3371 1363 3455 conjuge

406 3468 625 3552 jamjamque
639 3469 809 3551 operiens
862 3468 980 3547 Socer,
994 3489 1040 3534 ex
1057 3469 1282 3555 lerosolymis
1301 3472 1364 3536 do-
1433 3516 1440 3527 -

412 3586 506 3631 mum
530 3587 703 3645 reversus,
734 3569 891 3651 partibus
919 3569 1088 3635 Willelmi
1118 3570 1181 3633 filii
1212 3570 1362 3636 Roberti

251 3682 372 3722 ΑΒΜ.
413 3667 609 3732 Normanni
632 3668 770 3732 comitis
797 3670 974 3752 improbus
999 3670 1124 3747 astitit,
1147 3663 1308 3735 ²tradens
1331 3673 1365 3737 ei

411 3768 556 3833 alteram
578 3767 685 3832 tiliam
706 3776 867 3851 nuptum,
887 3778 923 3835 et
941 3768 1233 3835 Geuomannicum
1254 3773 1362 3836 comi·

445 4028 684 4093 ¹Accurreruet.]d.
694 4030 723 4080 S.
734 4030 841 4082 G.D.E
850 4035 875 4083 2.
900 4047 945 4083 son
964 4033 994 4083 oi
1007 4034 1050 4084 the
1067 4034 1137 4086 duke
1155 4035 1186 4085 oi
1204 4036 1363 4103 Nermandy‚

410 4101 479 4162 L2.;
495 4105 668 4164 accurrerunt,
681 4102 737 4151 El.
900 4104 962 4152 with
979 4104 1078 4166 Sibilla,
1095 4106 1122 4153 iu
1142 4110 1215 4170 112³,
1231 4122 1288 4158 was
1310 4110 1363 4159 dis-

900 4174 996 4235 selred,
1013 4179 1040 4223 at
1054 4174 1097 4223 the
1115 4176 1230 4226 instance
1245 4178 1275 4228 ot*
1292 4180 1362 4243 King

438 4236 456 4293 .²
465 4241 572 4290 Tradere
582 4239 605 4289 ei
615 4206 805 4306 ulteromfiliom
815 4256 875 4305 uep-
901 4242 999 4306 Henry,
1009 4244 1035 4293 in
1046 4244 1089 4293 the
1107 4244 1238 4311 following
1250 4264 1313 4311 year
1329 4251 1363 4312 by

411 4310 485 4372 tum.]
501 4311 555 4359 The
574 4310 699 4373 mariage
715 4311 744 4359 oi
752 4311 875 4376 william
900 4312 942 4363 the
953 4314 1040 4377 pope's
1050 4316 1143 4378 legate.
