3100 5050
156 499 314 581 arn.111.]
387 514 501 563 casm
524 513 651 562 annun
676 513 891 563 ancnoauu.
1044 499 1110 562 461

156 692 220 736 rex
235 665 504 759 Danorum'(¹ut
521 671 802 760 supradiximus)
816 674 1020 736 interemtus
1037 679 1111 753 est3

157 791 227 855 quo
258 773 441 836 Sarraceni
472 771 626 855 Hispani
656 773 692 836 in
721 773 937 838 Christianos
968 772 1112 851 efferati,

158 891 242 937 mox
267 874 312 936 ab
339 870 530 936 Aldefonso
552 893 633 955 rege
656 872 815 938 Galliciae
840 873 884 937 ad
910 892 976 936 sua
1001 874 1113 938 redire

158 971 283 1049 coacti,
300 973 405 1038 etiam
427 972 569 1037 urbibus
589 991 676 1056 quas
698 974 781 1038 olim
805 980 989 1039 tenuerant
1011 972 1112 1039 inviti

158 1091 303 1136 cessere.

212 1171 321 1256 §283
349 1170 497 1255 Corpus,
511 1174 607 1256 regio
626 1171 761 1238 solenni
782 1180 954 1251 curatum,
973 1192 1036 1255 per
1052 1171 1112 1249 Se·
1126 1196 1251 1237 nomm

159 1291 314 1355 quanam
329 1269 522 1337 cadomum
536 1273 710 1354 delatum
733 1273 782 1339 ibi
803 1293 932 1355 magna
951 1273 1112 1356 frequen·

160 1374 210 1436 tia
233 1373 484 1458 ordinatorum,
498 1374 666 1440 laicorum
689 1393 813 1457 pauca,
827 1374 921 1438 humi
936 1373 1113 1439 traditum.

161 1472 355 1539 Varietatis
385 1474 544 1538 humanae
574 1481 658 1539 tunc
686 1474 752 1539 init
782 1474 899 1538 videre
928 1473 1114 1553 miseriam,

160 1573 255 1656 quod
272 1574 375 1639 homo
398 1573 457 1638 ille
473 1575 580 1639 totius
602 1575 683 1639 olim
702 1574 852 1657 Europae
874 1573 996 1654 honor,
1015 1582 1114 1638 ante-

160 1693 409 1757 cessorumque
436 1693 576 1738 suorum
606 1676 759 1739 omnium
785 1675 972 1758 potentior,
996 1674 1113 1740 sedem

160 1781 302 1839 aeternae
317 1775 561 1857 requiescionis
575 1776 650 1840 sine
663 1776 838 1840 calumnia
845 1776 1030 1858 impetrare
1044 1795 1114 1841 non

160 1875 299 1957 potuit:
317 1878 466 1958 namque
479 1869 591 1940 ²miles
602 1876 755 1958 quidam,
770 1875 815 1940 ad
831 1875 931 1960 cujus
947 1876 1113 1958 patrimo-

159 1976 256 2038 nium
272 1976 369 2040 locus
384 1976 443 2040 ille
456 1977 681 2059 pertinuerat,
698 1977 794 2041 clara
811 1983 1011 2041 contestans
1027 1995 1114 2040 voce

161 2077 336 2159 rapinam,
352 2077 567 2159 sepulturam
581 2077 743 2155 inhibuit,
763 2077 892 2154 dicens,
909 2074 1017 2140 Avito
1032 2075 1114 2161 jure

161 2177 277 2240 solum
303 2195 404 2240 suum
425 2196 513 2255 esse,
540 2197 603 2241 nec
625 2177 723 2241 illum
747 2178 785 2241 in
811 2178 888 2240 loco
913 2195 1016 2259 quem
1042 2177 1115 2242 vio-

162 2276 276 2340 lenter
298 2277 476 2342 invaserat
500 2295 649 2360 pausare
672 2277 808 2340 debere.
861 2275 1035 2354 Quocirca
1055 2296 1115 2341 vo-

161 2376 257 2440 lente
283 2375 438 2441 Henrico
461 2376 544 2454 filio,
571 2379 631 2459 qui
654 2377 750 2440 solus
775 2397 819 2452 en
843 2377 961 2441 liberis
982 2375 1114 2456 aderat,

161 2484 303 2542 centum
333 2478 431 2542 librae
461 2478 598 2561 argenti
628 2477 798 2559 litigatori
829 2477 1016 2560 persolutae
1052 2496 1115 2542 au-

161 2576 284 2642 dacem
309 2579 518 2642 calumniam
546 2596 807 2661 compescuere:
831 2597 910 2640 nam
934 2585 1019 2642 tnnc
1039 2577 1114 2644 Ro·

160 2679 282 2742 bertus
307 2680 558 2761 primogenitus
582 2680 619 2743 in
644 2678 793 2743 Francia
819 2686 943 2742 contra
964 2678 1114 2761 patriam

163 2779 339 2857 bellabat;
364 2777 573 2857 Willelmus,
599 2786 784 2861 antequam
806 2778 911 2861 plane
931 2786 1032 2861 pater
1052 2798 1114 2842 ex-

162 2880 325 2962 spiraret,
356 2876 520 2960 Angliam
550 2880 809 2961 enavigaverat,
836 2878 957 2943 utilius
984 2878 1113 2943 ducens

160 2980 233 3043 suis
248 2980 287 3042 in
302 2986 479 3062 posterum
493 2978 682 3043 commodis
696 2980 905 3061 prospicere,
919 2998 1024 3061 quam
1037 2972 1112 3043 ³ob-

161 3080 292 3163 sequiis
302 3079 439 3161 paterni
453 3080 608 3161 corporis
627 3080 804 3144 interesse.
857 3079 979 3156 Porro,
993 3079 1031 3143 in
1044 3079 1112 3143 dis·

162 3178 345 3263 pertienda
360 3180 508 3262 pecnnia
524 3199 587 3244 nec
608 3181 725 3262 segnis
739 3199 804 3243 nec
824 3198 964 3262 parcae,
977 3200 1113 3244 omnem

160 3279 261 3343 illum
277 3279 479 3344 thesaurum
492 3278 683 3344 Wintoniae
705 3280 789 3344 totis
810 3281 910 3343 annis
931 3282 1032 3362 regni
1052 3300 1113 3345 cu·

161 3381 333 3444 mulatum
347 3380 391 3443 ab
406 3380 542 3443 arcanis
557 3378 718 3443 sacrariis
733 3378 824 3443 eruit
837 3380 874 3441 in
891 3379 1022 3461 lncem3
1038 3401 1112 3446 mo-.

162 3481 324 3544 nasteriis
339 3500 472 3557 aurum,
485 3480 638 3544 ecclesiis
654 3479 849 3561 agrestibus
866 3477 995 3543 solidos
1010 3480 1112 3562 qnin-

162 3600 230 3663 que
254 3582 402 3663 argenti,
423 3580 608 3662 unicuique
633 3598 726 3662 pago
749 3587 888 3643 centum
909 3578 1016 3642 libras
1031 3580 1114 3643 viri·

162 3682 224 3745 tim
249 3682 368 3763 egenis
402 3680 618 3757 dividendas,
648 3680 808 3763 largitus.
861 3678 978 3742 Patris
1008 3680 1114 3743 etiam

198 3970 207 4003 ¹
223 3974 260 4022 Ut
270 3987 345 4035 cupro
360 3970 490 4035 diximus]
508 3972 522 4035 l
533 3975 592 4034 261,
602 3987 628 4033 p.
653 3970 746 4038 (L’Art
756 3970 789 4019 de
798 3968 869 4020 verli.
876 3970 914 4018 les
924 3968 1013 4026 Deles,
1022 3981 1052 4017 11.
1060 3962 1114 4031 85.)

163 4046 222 4093 488.
252 4038 428 4104 Malmesb'ury
449 4042 509 4091 here
531 4041 630 4091 follows
689 4039 787 4089 ²Miles
804 4039 925 4104 qnidam]
942 4039 992 4088 His
1005 4038 1114 4087 nemeis

164 4113 206 4171 the
224 4113 311 4162 Saxon
328 4111 472 4173 Chronius,
487 4111 574 4161 which
590 4127 630 4161 re·
653 4111 770 4173 reported
795 4114 821 4160 to
846 4110 910 4159 hare
933 4110 997 4159 been
1012 4108 1115 4158 Asselin

164 4183 215 4232 iera
233 4184 276 4232 the
291 4182 369 4231 death
379 4181 409 4230 ol
417 4181 487 4232 Onut
503 4187 529 4231 to
547 4185 629 4231 1⁰8⁷:
655 4181 826 4231 FitnArthur.

164 4254 210 4302 but
230 4254 282 4303 this
301 4258 376 4301 event
392 4252 482 4302 should
506 4254 537 4301 be
559 4206 644 4320 athi-l
690 4244 871 4317 'Obsequiial
896 4252 926 4299 c.
945 4250 978 4299 E.
1000 4248 1048 4309 L.;
1070 4262 1116 4297 ex-

163 4324 242 4373 hnted
271 4330 298 4373 to
327 4323 370 4372 the
397 4323 533 4384 preceding
561 4338 630 4383 year.
654 4322 791 4384 equiis,A.
803 4321 833 4370 S,
844 4320 879 4371 D.
