3100 5050
152 519 224 576 nm
241 501 315 586 ιιι]
385 517 500 566 unsri
523 514 651 564 nncun
676 515 892 564 ancnonuu.
1042 498 1109 564 463

151 673 335 759 pertidndo
350 674 522 752 dominus,
537 694 607 740 non
623 671 865 739 abscondendo
885 680 920 737 et
934 671 1110 737 adorando
1122 692 1251 733 imru

154 777 328 856 famulus3
360 774 533 840 foemineae
565 774 758 839 venustatis
786 773 873 838 adeo
901 792 1040 857 parcuS,
1070 745 1177 838 ιιιΒθιο

154 876 288 940 nullam
310 875 511 958 conspectui
533 893 596 938 suo
618 881 797 957 pateretur
815 873 963 951 admitti,
978 893 1023 938 ne
1040 873 1110 938 for·

155 996 250 1040 mam
266 975 441 1041 videretur
454 974 625 1040 delibasse
644 975 746 1040 oculo
760 993 866 1057 quam
886 994 957 1038 non
979 974 1112 1057 prurie-

154 1079 217 1141 bat
240 1077 370 1140 animo.
422 1074 505 1140 Non
525 1075 703 1158 aspernari
725 1092 924 1157 pauperem,
937 1094 1007 1138 non
1026 1074 1111 1139 adu-

155 1177 223 1241 lari
246 1177 409 1258 divitem3
436 1175 624 1240 secundum
641 1181 804 1239 naturam
817 1175 957 1255 vivere3
981 1174 1113 1241 hahens

156 1278 291 1342 victum
316 1283 351 1342 et
371 1277 550 1354 vestitum,
573 1275 681 1359 juxta
709 1275 919 1358 apostolum,
947 1275 1002 1338 his
1030 1295 1112 1340 con·

156 1385 278 1442 tentus
307 1395 394 1442 esse.
448 1375 551 1440 Unde
580 1396 658 1440 eum
690 1374 812 1440 laudat
843 1374 1113 1440 Cenomanensis

156 1476 318 1562 pontifex
342 1475 581 1554 Hildebertus,
602 1477 639 1540 in
661 1475 782 1558 primis
802 1475 1018 1540 versificator
1038 1476 1113 1539 exi·

157 1578 249 1642 mins
263 1597 272 1659 ;
296 1577 396 1662 cujus
409 1577 517 1642 verba
533 1584 717 1660 propterea
734 1576 878 1653 inserui,
892 1583 933 1639 ut
945 1576 1114 1658 praedica·

157 1679 238 1743 hilis
264 1677 418 1761 episcopi
448 1676 609 1742 affectum
635 1677 672 1740 in
694 1676 900 1758 magistrum
922 1676 1115 1754 ostendam,

159 1777 265 1842 simul
286 1785 323 1842 et
341 1777 501 1842 doctrina
513 1777 590 1862 ejus
607 1777 673 1841 erit
687 1776 848 1859 exemplo
864 1778 1013 1859 posteris
1028 1770 1114 1860 ¹qno

160 1878 335 1962 quomodo
350 1877 422 1942 vivi
437 1878 562 1942 debeat
576 1877 741 1955 instituit,
758 1877 824 1940 etsi
841 1875 988 1942 fortasse
1003 1884 1114 1942 metas

160 1999 253 2044 verae
268 1978 382 2043 laudis
397 1997 514 2043 amore
528 1977 694 2042 incitatus
710 1975 925 2042 transilierit.

162 2128 298 2207 ‘Quem
313 2127 416 2192 modo
433 2126 590 2205 miratur,
606 2146 742 2209 semper
754 2127 935 2191 mirabitur
951 2126 1056 2206 orhiS,

214 2227 282 2293 Ille
297 2229 531 2310 Berengarius
546 2247 616 2291 non
635 2227 792 2293 obiturus
805 2227 890 2291 obit.

165 2328 290 2408 Quem,
308 2347 417 2392 sacrae
432 2326 511 2392 fidei
527 2326 670 2409 fastigia
683 2346 817 2390 summa
834 2334 1021 2405 tenentem,

213 2428 237 2492 J
240 2447 296 2491 am
313 2429 436 2511 quinta
449 2427 522 2492 dies
540 2427 695 2504 abstulit,
711 2446 798 2491 ausa
812 2426 921 2491 nefas.

165 2530 233 2594 Illa
247 2529 321 2593 dies
335 2529 504 2593 damnosa
519 2529 604 2605 dies,
620 2536 654 2593 et
668 2527 800 2611 perfida
812 2527 952 2605 mundo,

216 2629 298 2708 Qua
311 2629 409 2694 dolor
425 2636 460 2693 et
475 2636 589 2692 rerum
605 2648 739 2691 summa
752 2629 855 2691 ruina
869 2627 936 2691 fuit
950 2648 959 2708 3

166 2730 247 2809 Qua
262 2737 376 2794 status
390 2730 556 2808 ecclesiae,
572 2748 643 2813 qua
658 2748 750 2811 speS,
766 2748 837 2812 qua
852 2729 964 2810 gloria
977 2727 1072 2805 cleri,

218 2830 300 2909 Qua
317 2830 429 2895 cultor
439 2829 542 2914 juris,
554 2830 635 2913 jure
650 2837 785 2907 ruente,
803 2830 884 2893 ruit.

169 2930 343 3014 Quicquid
358 2929 565 3014 philosophi,
580 2929 743 3013 quicquid
759 2930 913 2994 cecinere
925 2934 1050 3010 poetae,

217 3031 366 3113 Ingenio
380 3030 485 3095 cessit
499 3028 704 3113 eloquioque
720 3049 796 3093 suo.

168 3131 329 3196 Sanctior
343 3136 378 3194 et
391 3130 502 3215 major
515 3130 699 3213 sapientia,
713 3128 827 3213 majus
843 3128 978 3205 adorta,

218 3230 384 3314 Implevit
396 3250 534 3294 sacrum
547 3235 669 3313 pectus
684 3235 719 3293 et
735 3248 797 3293 ora
813 3228 901 3293 Deo.

169 3330 298 3396 Pectus
312 3350 391 3394 eum
408 3331 530 3408 voluit,
546 3350 616 3394 vox
629 3329 785 3413 protulit,
800 3330 891 3392 actio
908 3329 1089 3413 prompsit,

218 3430 367 3513 Singula
385 3430 525 3495 Factori
541 3430 590 3493 sic
606 3431 768 3494 studuere
786 3446 862 3491 suo.

170 3528 234 3595 Vir
250 3551 349 3595 sacer
365 3538 400 3595 et
414 3532 564 3645 sapiens,
580 3530 635 3594 cui
652 3549 777 3594 nomen
792 3526 938 3591 crescit
927 3545 964 3589 m
981 3526 1107 3607 horas3

220 3631 300 3710 Quo
311 3632 423 3695 minor
437 3638 490 3696 est
501 3630 671 3715 quisquis
681 3630 854 3693 maximus
865 3635 918 3691 est
928 3626 1117 3692 hommum

78 3756 81 3765 ·
173 3730 235 3795 Cui
250 3752 373 3796 sensus
387 3732 533 3815 peperit,
546 3736 666 3813 partos
680 3727 835 3794 servavit
847 3728 1017 3807 honores;

220 3830 287 3895 Cui
302 3833 417 3914 potior
430 3850 564 3916 pauper
578 3830 724 3895 divite
687 3849 839 3914 ,Jusque
853 3828 961 3892 lucro.

175 3930 236 3995 Cui
252 3952 316 3996 nec
331 3930 498 3995 desidiam
512 3951 576 3995 nec
591 3932 713 3995 luxum
730 3950 785 3993 res
801 3929 896 3993 dedit
910 3926 1038 4010 ampla,

221 4032 297 4097 Nec
311 4030 479 4096 tumidum
494 4030 576 4096 fecit
591 4032 720 4095 multus
734 4037 769 4094 et
785 4030 877 4094 altus
891 4030 1013 4093 honos.

362 4326 369 4356 ¹
389 4320 467 4393 Qua]
486 4326 510 4374 Ε
519 4330 561 4385 1.;
579 4340 639 4387 qua,
649 4323 683 4372 Α.
697 4324 726 4373 S.
739 4324 770 4371 C.
783 4322 818 4371 D.
829 4322 885 4371 En.
897 4320 929 4370 L.
