3100 5050
365 931 368 938 ’
456 922 865 1007 PROLOGUS

361 1135 416 1193 IN
449 1133 663 1194 LIBRUM
696 1131 963 1192 TERTIUM.

600 1333 722 1346 ..—

343 1489 480 1536 INCIPIT
503 1489 688 1537 PROLOGUS
713 1488 812 1535 LIBRI
836 1488 973 1534 TERTII.

201 1730 215 1739 ἢ
230 1686 278 1745 ,Ν
430 1647 651 1711 EWiIIelmo
675 1667 757 1729 rege
783 1646 1139 1729 scripserrmt,div01·.

265 1766 349 1871 ΘΝ
362 1768 404 1837 fe
450 1747 498 1810 sis
520 1746 656 1811 incitati
680 1747 806 1824 causis,
830 1754 866 1810 et
882 1747 1076 1810 Normanni
1103 1757 1139 1813 et

264 1838 340 1969 prsis
435 1846 577 1928 ·Angli:
607 1847 659 1911 illi
685 1847 729 1910 ad
753 1847 878 1910 nimias
905 1847 1037 1911 efferati
1058 1857 1140 1913 sunt

202 1934 408 2055 ΜΝ
450 1947 581 2024 laudes
600 1949 691 2010 bona
712 1948 872 2029 malaque
881 1947 989 2030 juxta
1011 1949 1047 2011 in
1069 1968 1140 2013 coe-

249 2045 294 2086 '--
316 2040 403 2095 *5¹²²*
448 2048 519 2111 lum
530 2047 759 2131 praedicantes
770 2069 780 2127 ;
790 2048 862 2124 isti,
875 2068 938 2130 pro
952 2048 1139 2129 gentilibus
1245 2035 1247 2039 ¹

181 2141 383 2222 inimicitiis
407 2147 509 2212 foedis
524 2149 699 2211 dominum
715 2168 816 2211 suum
839 2148 1035 2230 proscidere
1055 2169 1138 2212 con-

181 2245 287 2309 vitiis.
341 2246 419 2328 Ego
430 2256 558 2326 autem,
575 2248 657 2331 quia
672 2249 853 2330 utriusque
867 2248 981 2329 gentis
996 2251 1137 2331 sangui-

182 2365 261 2409 nem
280 2346 394 2424 traho,
409 2348 546 2413 dicendi
560 2349 631 2413 tale
645 2356 952 2431 temperamentum
968 2343 1134 2415 servabo:
1242 2421 1245 2425 ,

183 2447 268 2510 bene
291 2455 402 2529 gesta,
419 2457 587 2534 quantum
609 2469 818 2532 cognoscere
841 2449 950 2533 potui,
966 2450 1040 2513 sine
1055 2449 1135 2514 fuco

181 2548 297 2630 palam
310 2542 459 2614 ¹efferam
472 2572 481 2630 3
500 2570 679 2635 perperam
694 2557 787 2627 acta,
803 2557 971 2634 quantum
988 2550 1136 2616 sufficiat

181 2649 346 2726 scientiae,
361 2643 502 2716 ²leviter
516 2659 552 2715 et
570 2646 687 2734 ³quasi
701 2658 921 2715 transeunter
939 2637 1111 2733 attingam
1124 2674 1147 2733 3·

181 2756 220 2812 ut
234 2769 298 2813 nec
312 2751 463 2815 mendax
486 2753 644 2835 culpetur
669 2751 825 2828 historia,
842 2771 906 2815 nec
929 2751 1026 2814 illum
1049 2761 1134 2817 nota

179 2849 316 2913 inuram
352 2853 509 2917 censoria
543 2852 642 2937 cnjus
681 2859 809 2916 cuncta
836 2836 936 2934 pene,
965 2852 1032 2914 etsi
1062 2873 1132 2917 non

178 2948 326 3027 laudari,
349 2953 509 3017 excusari
541 2960 634 3017 certe
662 2958 811 3035 possunt
836 2970 950 3035 opera.
1005 2950 1133 3035 Itaque

179 3049 221 3113 de
239 3050 299 3113 illo
318 3051 403 3115 talia
423 3054 572 3116 narrabo
598 3053 744 3117 libenter
759 3059 795 3115 et
809 3071 944 3115 morose
960 3070 1037 3132 quae
1062 3053 1132 3117 sint

178 3149 347 3214 inertibus
382 3152 617 3229 incitamento,
650 3153 821 3234 promptis
854 3152 1027 3233 exemplo,
1051 3155 1130 3218 usui

176 3251 419 3331 praesentibuS‚
429 3251 642 3335 jocunditati
658 3253 895 3333 sequentibus.
947 3251 1079 3316 Verum
1094 3254 1130 3317 in

177 3349 231 3413 his
253 3351 494 3433 protrahendis
510 3372 579 3416 non
593 3352 740 3416 multum
755 3352 920 3435 temporis
935 3354 1130 3435 expendam

175 3449 398 3533 impendium,
437 3472 515 3536 quae
546 3453 633 3515 nulli
669 3452 951 3529 emolumenturn,
982 3453 1051 3516 imo
1081 3454 1130 3517 le-

175 3551 272 3632 genti
293 3550 483 3629 fastidium,
510 3553 673 3616 scribenti
693 3554 833 3635 panant
856 3552 981 3617 odium.
1034 3553 1128 3618 Satis

174 3670 348 3734 superque
367 3651 542 3719 sufficiunt
555 3653 615 3736 qui
639 3653 791 3740 genuino
814 3653 936 3716 molari
950 3652 1045 3716 facta
1066 3654 1127 3717 bo·

174 3772 295 3815 norum
311 3753 473 3817 Iacerent.
528 3752 618 3817 Mihi
640 3753 716 3817 haec
737 3753 853 3836 placet
874 3753 1065 3837 provincia,
1088 3762 1128 3818 ut

424 4022 510 4070 Neres
527 4035 579 4070 ann
595 4022 712 4071 various
730 4021 870 4070 Rmnrncs.

207 4114 215 4145 ¹
234 4115 369 4181 Efferum]
389 4115 422 4166 A.
439 4116 468 4167 S.
484 4117 519 4167 D.
534 4118 567 4166 Ε.
588 4116 636 4177 L.;
794 4185 799 4196 ι

172 4188 305 4252 proferam,
319 4188 349 4235 C.
697 4183 708 4216 ⁸
721 4181 824 4253 Quum]
842 4183 876 4234 A.
889 4184 918 4233 S.
933 4185 962 4235 G.
975 4186 1010 4237 D.
1025 4187 1080 4235 132.
1093 4187 1124 4237 L.

207 4256 348 4322 ’IAuith
362 4256 395 4307 A.
408 4257 436 4306 S.
449 4258 484 4306 D.
497 4258 529 4307 E.
541 4258 636 4319 u.;1e·
661 4258 717 4317 M.;
734 4256 839 4305 omitted
850 4256 876 4304 Iu
889 4256 942 4303 El.

171 4331 244 4392 niter,
256 4329 287 4377 C.

914 4400 937 4463 2
951 4416 974 4461 n
