<?xml version="1.0" encoding="UTF-8"?>
<!DOCTYPE html PUBLIC "-//W3C//DTD XHTML 1.0 Transitional//EN"
    "http://www.w3.org/TR/xhtml1/DTD/xhtml1-transitional.dtd">
<html xmlns="http://www.w3.org/1999/xhtml" xml:lang="en" lang="en">
 <head>
  <title>
</title>
<meta http-equiv="Content-Type" content="text/html;charset=utf-8" />
  <meta name='ocr-system' content='tesseract 3.04.00' />
  <meta name='ocr-capabilities' content='ocr_page ocr_carea ocr_par ocr_line ocrx_word'/>
</head>
<body>
  <div class='ocr_page' id='page_1' title='image "./willelmimalmesb02willgoog_0082.png"; bbox 0 0 3100 5050; ppageno 0'>
   <div class='ocr_carea' id='block_1_1' title="bbox 433 495 1389 578">
    <p class='ocr_par' dir='ltr' id='par_1_1' title="bbox 433 495 1389 578">
     <span class='ocr_line' id='line_1_1' title="bbox 433 495 1389 578; baseline -0.004 -18"><span class='ocrx_word' id='word_1_1' title='bbox 433 495 500 560; x_wconf 80' lang='grc'><strong>462</strong></span> <span class='ocrx_word' id='word_1_2' title='bbox 644 509 759 558; x_wconf 78' lang='lat' dir='ltr'><strong>cesus</strong></span> <span class='ocrx_word' id='word_1_3' title='bbox 783 509 910 559; x_wconf 81' lang='lat' dir='ltr'><strong>aucun</strong></span> <span class='ocrx_word' id='word_1_4' title='bbox 934 509 1150 560; x_wconf 68' lang='lat' dir='ltr'><strong>suenorum</strong></span> <span class='ocrx_word' id='word_1_5' title='bbox 1229 496 1315 578; x_wconf 83' lang='lat' dir='ltr'><strong>[mu.</strong></span> <span class='ocrx_word' id='word_1_6' title='bbox 1333 510 1389 575; x_wconf 74' lang='lat' dir='ltr'><strong>ru.</strong></span> 
     </span>
    </p>
   </div>
   <div class='ocr_carea' id='block_1_2' title="bbox 432 665 1386 851">
    <p class='ocr_par' dir='ltr' id='par_1_2' title="bbox 432 665 1386 851">
     <span class='ocr_line' id='line_1_2' title="bbox 432 665 1386 750; baseline 0.002 -21"><span class='ocrx_word' id='word_1_7' title='bbox 432 667 633 730; x_wconf 81' lang='lat' dir='ltr'><strong>memoriam</strong></span> <span class='ocrx_word' id='word_1_8' title='bbox 652 665 789 748; x_wconf 83' lang='lat' dir='ltr'><strong>ingenti</strong></span> <span class='ocrx_word' id='word_1_9' title='bbox 809 666 971 749; x_wconf 79' lang='lat' dir='ltr'>congerie</span> <span class='ocrx_word' id='word_1_10' title='bbox 990 667 1127 750; x_wconf 80' lang='lat' dir='ltr'><strong>argenti</strong></span> <span class='ocrx_word' id='word_1_11' title='bbox 1142 674 1179 734; x_wconf 89' lang='lat' dir='ltr'><strong>et</strong></span> <span class='ocrx_word' id='word_1_12' title='bbox 1201 669 1289 745; x_wconf 90' lang='lat' dir='ltr'><strong>auri,</strong></span> <span class='ocrx_word' id='word_1_13' title='bbox 1306 686 1386 731; x_wconf 87' lang='lat' dir='ltr'><strong>curu</strong></span> 
     </span>
     <span class='ocr_line' id='line_1_3' title="bbox 434 768 1163 851; baseline 0.001 -21"><span class='ocrx_word' id='word_1_14' title='bbox 434 785 646 849; x_wconf 85' lang='lat' dir='ltr'><strong>gemmarum</strong></span> <span class='ocrx_word' id='word_1_15' title='bbox 663 768 753 845; x_wconf 87' lang='lat' dir='ltr'><strong>luce,</strong></span> <span class='ocrx_word' id='word_1_16' title='bbox 767 768 952 851; x_wconf 80' lang='lat' dir='ltr'><strong>conspicue</strong></span> <span class='ocrx_word' id='word_1_17' title='bbox 966 768 1163 834; x_wconf 90' lang='lat' dir='ltr'><strong>adornavit.</strong></span> 
     </span>
    </p>
   </div>
   <div class='ocr_carea' id='block_1_3' title="bbox 753 959 1069 1008">
    <p class='ocr_par' dir='ltr' id='par_1_3' title="bbox 753 959 1069 1008">
     <span class='ocr_line' id='line_1_4' title="bbox 753 959 1069 1008; baseline 0.006 -2"><span class='ocrx_word' id='word_1_18' title='bbox 753 959 802 1006; x_wconf 84' lang='lat' dir='ltr'><strong>DE</strong></span> <span class='ocrx_word' id='word_1_19' title='bbox 824 959 1069 1008; x_wconf 77' lang='lat' dir='ltr'>BERENGARIO.</span> 
     </span>
    </p>
   </div>
   <div class='ocr_carea' id='block_1_4' title="bbox 431 1067 1455 3761">
    <p class='ocr_par' dir='ltr' id='par_1_4' title="bbox 431 1067 1455 3761">
     <span class='ocr_line' id='line_1_5' title="bbox 485 1067 1386 1152; baseline 0.001 -20"><span class='ocrx_word' id='word_1_20' title='bbox 485 1067 602 1152; x_wconf 62' lang='lat'><strong>§284</strong></span> <span class='ocrx_word' id='word_1_21' title='bbox 626 1067 711 1133; x_wconf 85' lang='lat' dir='ltr'><strong>Fuit</strong></span> <span class='ocrx_word' id='word_1_22' title='bbox 736 1068 804 1132; x_wconf 93' lang='lat' dir='ltr'><strong>hoc</strong></span> <span class='ocrx_word' id='word_1_23' title='bbox 828 1076 983 1152; x_wconf 91' lang='lat' dir='ltr'><strong>tempore</strong></span> <span class='ocrx_word' id='word_1_24' title='bbox 1006 1067 1251 1150; x_wconf 85' lang='lat' dir='ltr'><strong>Bereugarius,</strong></span> <span class='ocrx_word' id='word_1_25' title='bbox 1272 1067 1386 1133; x_wconf 89' lang='lat' dir='ltr'><strong>Turo-</strong></span> 
     </span>
     <span class='ocr_line' id='line_1_6' title="bbox 434 1168 1455 1252; baseline 0.001 -20"><span class='ocrx_word' id='word_1_26' title='bbox 434 1169 550 1232; x_wconf 86' lang='lat' dir='ltr'><strong>nensis</strong></span> <span class='ocrx_word' id='word_1_27' title='bbox 566 1168 810 1246; x_wconf 74' lang='lat' dir='ltr'><strong>haeresiarcha,</strong></span> <span class='ocrx_word' id='word_1_28' title='bbox 825 1169 886 1252; x_wconf 90' lang='lat' dir='ltr'><strong>qui</strong></span> <span class='ocrx_word' id='word_1_29' title='bbox 903 1188 1028 1252; x_wconf 89' lang='lat' dir='ltr'><strong>panem</strong></span> <span class='ocrx_word' id='word_1_30' title='bbox 1040 1176 1077 1235; x_wconf 91' lang='lat' dir='ltr'><strong>et</strong></span> <span class='ocrx_word' id='word_1_31' title='bbox 1092 1169 1212 1233; x_wconf 92' lang='lat' dir='ltr'><strong>vinum</strong></span> <span class='ocrx_word' id='word_1_32' title='bbox 1225 1168 1263 1232; x_wconf 89' lang='lat' dir='ltr'><strong>iu</strong></span> <span class='ocrx_word' id='word_1_33' title='bbox 1280 1169 1385 1233; x_wconf 85' lang='lat' dir='ltr'><strong>altari</strong></span> <span class='ocrx_word' id='word_1_34' title='bbox 1446 1213 1455 1224; x_wconf 73' lang='lat'><em>·</em></span> 
     </span>
     <span class='ocr_line' id='line_1_7' title="bbox 433 1268 1385 1352; baseline 0 -20"><span class='ocrx_word' id='word_1_35' title='bbox 433 1269 605 1352; x_wconf 84' lang='lat' dir='ltr'><strong>apposita,</strong></span> <span class='ocrx_word' id='word_1_36' title='bbox 630 1276 710 1352; x_wconf 88' lang='lat' dir='ltr'><strong>post</strong></span> <span class='ocrx_word' id='word_1_37' title='bbox 729 1271 1025 1334; x_wconf 89' lang='lat' dir='ltr'><strong>consecrationem</strong></span> <span class='ocrx_word' id='word_1_38' title='bbox 1046 1268 1248 1346; x_wconf 89' lang='lat' dir='ltr'><strong>sacerdotis,</strong></span> <span class='ocrx_word' id='word_1_39' title='bbox 1264 1289 1385 1333; x_wconf 91' lang='lat' dir='ltr'><strong>verum</strong></span> 
     </span>
     <span class='ocr_line' id='line_1_8' title="bbox 432 1368 1383 1456; baseline -0.002 -22"><span class='ocrx_word' id='word_1_40' title='bbox 432 1377 468 1435; x_wconf 89' lang='lat' dir='ltr'><strong>et</strong></span> <span class='ocrx_word' id='word_1_41' title='bbox 492 1370 721 1435; x_wconf 83' lang='lat' dir='ltr'><strong>substantiale</strong></span> <span class='ocrx_word' id='word_1_42' title='bbox 743 1389 869 1453; x_wconf 90' lang='lat' dir='ltr'><strong>corpus</strong></span> <span class='ocrx_word' id='word_1_43' title='bbox 891 1371 1035 1436; x_wconf 89' lang='lat' dir='ltr'><strong>Domini</strong></span> <span class='ocrx_word' id='word_1_44' title='bbox 1053 1368 1162 1456; x_wconf 92' lang='lat' dir='ltr'><strong>(sicut</strong></span> <span class='ocrx_word' id='word_1_45' title='bbox 1183 1374 1305 1433; x_wconf 90' lang='lat' dir='ltr'><strong>sancta</strong></span> <span class='ocrx_word' id='word_1_46' title='bbox 1327 1388 1383 1432; x_wconf 89' lang='lat' dir='ltr'><strong>ec·</strong></span> 
     </span>
     <span class='ocr_line' id='line_1_9' title="bbox 432 1467 1384 1555; baseline 0 -22"><span class='ocrx_word' id='word_1_47' title='bbox 432 1471 538 1534; x_wconf 82' lang='lat' dir='ltr'><strong>alesia</strong></span> <span class='ocrx_word' id='word_1_48' title='bbox 566 1467 752 1555; x_wconf 82' lang='lat' dir='ltr'><strong>praedicat)</strong></span> <span class='ocrx_word' id='word_1_49' title='bbox 775 1490 852 1534; x_wconf 87' lang='lat' dir='ltr'><strong>esse</strong></span> <span class='ocrx_word' id='word_1_50' title='bbox 875 1471 1083 1553; x_wconf 84' lang='lat' dir='ltr'><strong>denegabat.</strong></span> <span class='ocrx_word' id='word_1_51' title='bbox 1133 1469 1286 1552; x_wconf 85' lang='lat' dir='ltr'><strong>Jamque</strong></span> <span class='ocrx_word' id='word_1_52' title='bbox 1307 1487 1384 1533; x_wconf 90' lang='lat' dir='ltr'><strong>sca·</strong></span> 
     </span>
     <span class='ocr_line' id='line_1_10' title="bbox 434 1569 1384 1655; baseline -0.002 -21"><span class='ocrx_word' id='word_1_53' title='bbox 434 1572 531 1636; x_wconf 90' lang='lat' dir='ltr'><strong>tehat</strong></span> <span class='ocrx_word' id='word_1_54' title='bbox 560 1572 672 1636; x_wconf 90' lang='lat' dir='ltr'><strong>omnis</strong></span> <span class='ocrx_word' id='word_1_55' title='bbox 704 1569 824 1635; x_wconf 86' lang='lat' dir='ltr'><strong>Gallia</strong></span> <span class='ocrx_word' id='word_1_56' title='bbox 852 1571 929 1655; x_wconf 88' lang='lat' dir='ltr'><strong>ejus</strong></span> <span class='ocrx_word' id='word_1_57' title='bbox 963 1571 1133 1648; x_wconf 87' lang='lat' dir='ltr'><strong>doctrina,</strong></span> <span class='ocrx_word' id='word_1_58' title='bbox 1163 1588 1225 1652; x_wconf 88' lang='lat' dir='ltr'><strong>per</strong></span> <span class='ocrx_word' id='word_1_59' title='bbox 1254 1588 1384 1650; x_wconf 88' lang='lat' dir='ltr'><strong>egenos</strong></span> 
     </span>
     <span class='ocr_line' id='line_1_11' title="bbox 432 1665 1383 1758; baseline -0.002 -24"><span class='ocrx_word' id='word_1_60' title='bbox 432 1671 606 1736; x_wconf 81' lang='lat' dir='ltr'><strong>scholares</strong></span> <span class='ocrx_word' id='word_1_61' title='bbox 621 1669 725 1758; x_wconf 89' lang='lat' dir='ltr'><strong>(quos</strong></span> <span class='ocrx_word' id='word_1_62' title='bbox 740 1672 816 1754; x_wconf 91' lang='lat' dir='ltr'><strong>ipse</strong></span> <span class='ocrx_word' id='word_1_63' title='bbox 832 1671 1035 1754; x_wconf 88' lang='lat' dir='ltr'><strong>quotidiana</strong></span> <span class='ocrx_word' id='word_1_64' title='bbox 1049 1672 1140 1753; x_wconf 88' lang='lat' dir='ltr'><strong>stipe</strong></span> <span class='ocrx_word' id='word_1_65' title='bbox 1155 1665 1383 1753; x_wconf 89' lang='lat' dir='ltr'><strong>sollicitabat)</strong></span> 
     </span>
     <span class='ocr_line' id='line_1_12' title="bbox 432 1770 1383 1848; baseline -0.001 -15"><span class='ocrx_word' id='word_1_66' title='bbox 432 1771 667 1837; x_wconf 86' lang='lat' dir='ltr'><strong>disseminata.</strong></span> <span class='ocrx_word' id='word_1_67' title='bbox 720 1771 823 1836; x_wconf 91' lang='lat' dir='ltr'><strong>Unde</strong></span> <span class='ocrx_word' id='word_1_68' title='bbox 844 1771 1013 1837; x_wconf 83' lang='lat' dir='ltr'><strong>soliditati</strong></span> <span class='ocrx_word' id='word_1_69' title='bbox 1038 1771 1219 1837; x_wconf 79' lang='lat' dir='ltr'><strong>catholica</strong></span> <span class='ocrx_word' id='word_1_70' title='bbox 1244 1770 1383 1848; x_wconf 89' lang='lat' dir='ltr'><strong>timens,</strong></span> 
     </span>
     <span class='ocr_line' id='line_1_13' title="bbox 432 1865 1383 1955; baseline -0.003 -19"><span class='ocrx_word' id='word_1_71' title='bbox 432 1865 575 1936; x_wconf 88' lang='lat' dir='ltr'><strong>¹sauctae</strong></span> <span class='ocrx_word' id='word_1_72' title='bbox 590 1872 763 1936; x_wconf 82' lang='lat' dir='ltr'><strong>memoriae</strong></span> <span class='ocrx_word' id='word_1_73' title='bbox 782 1871 855 1936; x_wconf 86' lang='lat' dir='ltr'><strong>Leo</strong></span> <span class='ocrx_word' id='word_1_74' title='bbox 868 1891 974 1955; x_wconf 88' lang='lat' dir='ltr'><strong>papa,</strong></span> <span class='ocrx_word' id='word_1_75' title='bbox 982 1871 1153 1937; x_wconf 91' lang='lat' dir='ltr'><strong>Vercellis</strong></span> <span class='ocrx_word' id='word_1_76' title='bbox 1168 1876 1292 1935; x_wconf 87' lang='lat' dir='ltr'><strong>contra</strong></span> <span class='ocrx_word' id='word_1_77' title='bbox 1304 1889 1383 1934; x_wconf 90' lang='lat' dir='ltr'><strong>eum</strong></span> 
     </span>
     <span class='ocr_line' id='line_1_14' title="bbox 432 1971 1384 2050; baseline -0.001 -16"><span class='ocrx_word' id='word_1_78' title='bbox 432 1972 593 2037; x_wconf 87' lang='lat' dir='ltr'><strong>instituto</strong></span> <span class='ocrx_word' id='word_1_79' title='bbox 609 1971 766 2050; x_wconf 88' lang='lat' dir='ltr'><strong>concilio,</strong></span> <span class='ocrx_word' id='word_1_80' title='bbox 781 1973 942 2037; x_wconf 88' lang='lat' dir='ltr'><strong>tenebras</strong></span> <span class='ocrx_word' id='word_1_81' title='bbox 960 1973 1117 2037; x_wconf 90' lang='lat' dir='ltr'><strong>nebulosi</strong></span> <span class='ocrx_word' id='word_1_82' title='bbox 1132 1971 1258 2036; x_wconf 88' lang='lat' dir='ltr'><strong>erroris</strong></span> <span class='ocrx_word' id='word_1_83' title='bbox 1279 1989 1384 2035; x_wconf 88' lang='lat' dir='ltr'><strong>evau-</strong></span> 
     </span>
     <span class='ocr_line' id='line_1_15' title="bbox 432 2071 1383 2155; baseline -0.002 -19"><span class='ocrx_word' id='word_1_84' title='bbox 432 2073 620 2153; x_wconf 86' lang='lat' dir='ltr'><strong>gelicorum</strong></span> <span class='ocrx_word' id='word_1_85' title='bbox 648 2073 924 2137; x_wconf 86' lang='lat' dir='ltr'><strong>testimoniorum</strong></span> <span class='ocrx_word' id='word_1_86' title='bbox 953 2072 1091 2155; x_wconf 75' lang='lat' dir='ltr'><strong>fulgure</strong></span> <span class='ocrx_word' id='word_1_87' title='bbox 1125 2071 1282 2154; x_wconf 88' lang='lat' dir='ltr'><strong>depulit;</strong></span> <span class='ocrx_word' id='word_1_88' title='bbox 1322 2071 1383 2134; x_wconf 91' lang='lat' dir='ltr'><strong>sed</strong></span> 
     </span>
     <span class='ocr_line' id='line_1_16' title="bbox 432 2171 1384 2257; baseline -0.003 -21"><span class='ocrx_word' id='word_1_89' title='bbox 432 2192 510 2236; x_wconf 92' lang='lat' dir='ltr'><strong>cum</strong></span> <span class='ocrx_word' id='word_1_90' title='bbox 534 2180 614 2256; x_wconf 88' lang='lat' dir='ltr'><strong>post</strong></span> <span class='ocrx_word' id='word_1_91' title='bbox 628 2173 761 2237; x_wconf 88' lang='lat' dir='ltr'><strong>obitum</strong></span> <span class='ocrx_word' id='word_1_92' title='bbox 783 2173 859 2257; x_wconf 90' lang='lat' dir='ltr'><strong>ejus</strong></span> <span class='ocrx_word' id='word_1_93' title='bbox 875 2173 971 2238; x_wconf 88' lang='lat' dir='ltr'><strong>virus</strong></span> <span class='ocrx_word' id='word_1_94' title='bbox 992 2173 1177 2249; x_wconf 87' lang='lat' dir='ltr'><strong>haereseos,</strong></span> <span class='ocrx_word' id='word_1_95' title='bbox 1193 2171 1253 2234; x_wconf 92' lang='lat' dir='ltr'><strong>diu</strong></span> <span class='ocrx_word' id='word_1_96' title='bbox 1276 2171 1314 2234; x_wconf 91' lang='lat' dir='ltr'><strong>in</strong></span> <span class='ocrx_word' id='word_1_97' title='bbox 1336 2171 1384 2234; x_wconf 91' lang='lat' dir='ltr'><strong>si·</strong></span> 
     </span>
     <span class='ocr_line' id='line_1_17' title="bbox 432 2271 1383 2356; baseline -0.003 -20"><span class='ocrx_word' id='word_1_98' title='bbox 432 2273 534 2336; x_wconf 91' lang='lat' dir='ltr'><strong>nibus</strong></span> <span class='ocrx_word' id='word_1_99' title='bbox 561 2273 778 2356; x_wconf 86' lang='lat' dir='ltr'><strong>quorundam</strong></span> <span class='ocrx_word' id='word_1_100' title='bbox 802 2272 1012 2337; x_wconf 88' lang='lat' dir='ltr'><strong>nebulonum</strong></span> <span class='ocrx_word' id='word_1_101' title='bbox 1042 2271 1232 2348; x_wconf 82' lang='lat' dir='ltr'><strong>confotum,</strong></span> <span class='ocrx_word' id='word_1_102' title='bbox 1258 2271 1383 2334; x_wconf 89' lang='lat' dir='ltr'><strong>iterum</strong></span> 
     </span>
     <span class='ocr_line' id='line_1_18' title="bbox 432 2372 1387 2456; baseline -0.003 -19"><span class='ocrx_word' id='word_1_103' title='bbox 432 2380 637 2456; x_wconf 89' lang='lat' dir='ltr'><strong>erumperet,</strong></span> <span class='ocrx_word' id='word_1_104' title='bbox 653 2372 914 2450; x_wconf 87' lang='lat' dir='ltr'><strong>Hildebrandus</strong></span> <span class='ocrx_word' id='word_1_105' title='bbox 927 2393 1006 2437; x_wconf 91' lang='lat' dir='ltr'><strong>cum</strong></span> <span class='ocrx_word' id='word_1_106' title='bbox 1019 2372 1281 2438; x_wconf 87' lang='lat' dir='ltr'><strong>archidiaconus</strong></span> <span class='ocrx_word' id='word_1_107' title='bbox 1293 2377 1387 2434; x_wconf 89' lang='lat' dir='ltr'><strong>esset</strong></span> 
     </span>
     <span class='ocr_line' id='line_1_19' title="bbox 432 2470 1385 2557; baseline -0.004 -19"><span class='ocrx_word' id='word_1_108' title='bbox 432 2473 597 2551; x_wconf 91' lang='lat' dir='ltr'><strong>Turonis,</strong></span> <span class='ocrx_word' id='word_1_109' title='bbox 626 2492 710 2538; x_wconf 83' lang='lat' dir='ltr'><strong>mox</strong></span> <span class='ocrx_word' id='word_1_110' title='bbox 739 2492 833 2557; x_wconf 89' lang='lat' dir='ltr'><strong>papa</strong></span> <span class='ocrx_word' id='word_1_111' title='bbox 860 2472 995 2552; x_wconf 73' lang='lat' dir='ltr'><strong>Roma,</strong></span> <span class='ocrx_word' id='word_1_112' title='bbox 1026 2472 1188 2537; x_wconf 90' lang='lat' dir='ltr'><strong>adunatis</strong></span> <span class='ocrx_word' id='word_1_113' title='bbox 1218 2470 1385 2549; x_wconf 91' lang='lat' dir='ltr'><strong>conciliis,</strong></span> 
     </span>
     <span class='ocr_line' id='line_1_20' title="bbox 433 2572 1383 2655; baseline 0 -18"><span class='ocrx_word' id='word_1_114' title='bbox 433 2574 628 2639; x_wconf 87' lang='lat' dir='ltr'><strong>convictum</strong></span> <span class='ocrx_word' id='word_1_115' title='bbox 651 2574 695 2639; x_wconf 90' lang='lat' dir='ltr'><strong>ad</strong></span> <span class='ocrx_word' id='word_1_116' title='bbox 718 2574 890 2655; x_wconf 85' lang='lat' dir='ltr'><strong>dogmatis</strong></span> <span class='ocrx_word' id='word_1_117' title='bbox 907 2574 962 2637; x_wconf 90' lang='lat' dir='ltr'><strong>sui</strong></span> <span class='ocrx_word' id='word_1_118' title='bbox 987 2574 1174 2637; x_wconf 88' lang='lat' dir='ltr'><strong>anathema</strong></span> <span class='ocrx_word' id='word_1_119' title='bbox 1198 2572 1383 2654; x_wconf 88' lang='lat' dir='ltr'><strong>compulit:</strong></span> 
     </span>
     <span class='ocr_line' id='line_1_21' title="bbox 432 2672 1384 2757; baseline -0.002 -19"><span class='ocrx_word' id='word_1_120' title='bbox 432 2695 512 2757; x_wconf 87' lang='lat' dir='ltr'><strong>quae</strong></span> <span class='ocrx_word' id='word_1_121' title='bbox 539 2675 669 2757; x_wconf 88' lang='lat' dir='ltr'><strong>scripta</strong></span> <span class='ocrx_word' id='word_1_122' title='bbox 694 2674 766 2737; x_wconf 90' lang='lat' dir='ltr'><strong>suis</strong></span> <span class='ocrx_word' id='word_1_123' title='bbox 795 2674 894 2751; x_wconf 90' lang='lat' dir='ltr'><strong>locis,</strong></span> <span class='ocrx_word' id='word_1_124' title='bbox 922 2674 982 2756; x_wconf 91' lang='lat' dir='ltr'><strong>qui</strong></span> <span class='ocrx_word' id='word_1_125' title='bbox 1009 2673 1194 2749; x_wconf 88' lang='lat' dir='ltr'><strong>desiderat,</strong></span> <span class='ocrx_word' id='word_1_126' title='bbox 1218 2672 1384 2736; x_wconf 89' lang='lat' dir='ltr'><strong>inveniet.</strong></span> 
     </span>
     <span class='ocr_line' id='line_1_22' title="bbox 434 2767 1383 2858; baseline -0.002 -19"><span class='ocrx_word' id='word_1_127' title='bbox 434 2775 704 2858; x_wconf 88' lang='lat' dir='ltr'><strong>Responderunt</strong></span> <span class='ocrx_word' id='word_1_128' title='bbox 727 2775 759 2837; x_wconf 89' lang='lat' dir='ltr'><strong>ei</strong></span> <span class='ocrx_word' id='word_1_129' title='bbox 779 2767 894 2838; x_wconf 81' lang='lat' dir='ltr'><strong>²libris</strong></span> <span class='ocrx_word' id='word_1_130' title='bbox 910 2772 1127 2837; x_wconf 82' lang='lat' dir='ltr'><strong>Laulraucus</strong></span> <span class='ocrx_word' id='word_1_131' title='bbox 1153 2771 1383 2855; x_wconf 91' lang='lat' dir='ltr'><strong>archiepisco-</strong></span> 
     </span>
     <span class='ocr_line' id='line_1_23' title="bbox 433 2872 1385 2958; baseline -0.002 -19"><span class='ocrx_word' id='word_1_132' title='bbox 433 2894 510 2958; x_wconf 90' lang='lat' dir='ltr'><strong>pus,</strong></span> <span class='ocrx_word' id='word_1_133' title='bbox 532 2875 593 2939; x_wconf 89' lang='lat' dir='ltr'><strong>sed</strong></span> <span class='ocrx_word' id='word_1_134' title='bbox 614 2876 788 2957; x_wconf 90' lang='lat' dir='ltr'><strong>praecipue</strong></span> <span class='ocrx_word' id='word_1_135' title='bbox 812 2882 848 2939; x_wconf 89' lang='lat' dir='ltr'><strong>et</strong></span> <span class='ocrx_word' id='word_1_136' title='bbox 872 2873 1008 2939; x_wconf 81' lang='lat' dir='ltr'><strong>fortiter</strong></span> <span class='ocrx_word' id='word_1_137' title='bbox 1032 2872 1265 2951; x_wconf 83' lang='lat' dir='ltr'><strong>Guimundus,</strong></span> <span class='ocrx_word' id='word_1_138' title='bbox 1288 2874 1385 2955; x_wconf 85' lang='lat' dir='ltr'><strong>prius</strong></span> 
     </span>
     <span class='ocr_line' id='line_1_24' title="bbox 432 2973 1386 3055; baseline -0.002 -16"><span class='ocrx_word' id='word_1_139' title='bbox 432 2976 622 3040; x_wconf 88' lang='lat' dir='ltr'><strong>monachus</strong></span> <span class='ocrx_word' id='word_1_140' title='bbox 633 2974 675 3039; x_wconf 92' lang='lat' dir='ltr'><strong>de</strong></span> <span class='ocrx_word' id='word_1_141' title='bbox 691 2982 813 3039; x_wconf 87' lang='lat' dir='ltr'><strong>sancto</strong></span> <span class='ocrx_word' id='word_1_142' title='bbox 827 2973 998 3039; x_wconf 85' lang='lat' dir='ltr'><strong>Leufrcdo</strong></span> <span class='ocrx_word' id='word_1_143' title='bbox 1010 2973 1248 3051; x_wconf 85' lang='lat' dir='ltr'><strong>Normauuiae,</strong></span> <span class='ocrx_word' id='word_1_144' title='bbox 1262 2980 1386 3055; x_wconf 89' lang='lat' dir='ltr'><strong>postea</strong></span> 
     </span>
     <span class='ocr_line' id='line_1_25' title="bbox 433 3072 1385 3159; baseline 0 -21"><span class='ocrx_word' id='word_1_145' title='bbox 433 3077 615 3159; x_wconf 90' lang='lat' dir='ltr'><strong>episcopus</strong></span> <span class='ocrx_word' id='word_1_146' title='bbox 625 3072 829 3139; x_wconf 87' lang='lat' dir='ltr'><strong>Aversauus</strong></span> <span class='ocrx_word' id='word_1_147' title='bbox 839 3073 990 3157; x_wconf 75' lang='lat' dir='ltr'><strong>Apulia,</strong></span> <span class='ocrx_word' id='word_1_148' title='bbox 1006 3076 1116 3139; x_wconf 89' lang='lat' dir='ltr'><strong>nostri</strong></span> <span class='ocrx_word' id='word_1_149' title='bbox 1130 3072 1295 3156; x_wconf 90' lang='lat' dir='ltr'><strong>temporis</strong></span> <span class='ocrx_word' id='word_1_150' title='bbox 1312 3073 1385 3138; x_wconf 90' lang='lat' dir='ltr'><strong>elo·</strong></span> 
     </span>
     <span class='ocr_line' id='line_1_26' title="bbox 433 3174 1384 3259; baseline -0.002 -20"><span class='ocrx_word' id='word_1_151' title='bbox 433 3177 690 3259; x_wconf 88' lang='lat' dir='ltr'><strong>quentissimus.</strong></span> <span class='ocrx_word' id='word_1_152' title='bbox 742 3175 867 3252; x_wconf 91' lang='lat' dir='ltr'><strong>Porro,</strong></span> <span class='ocrx_word' id='word_1_153' title='bbox 884 3175 966 3239; x_wconf 91' lang='lat' dir='ltr'><strong>licet</strong></span> <span class='ocrx_word' id='word_1_154' title='bbox 982 3174 1213 3257; x_wconf 85' lang='lat' dir='ltr'><strong>Bereugarius</strong></span> <span class='ocrx_word' id='word_1_155' title='bbox 1236 3174 1384 3256; x_wconf 92' lang='lat' dir='ltr'><strong>primum</strong></span> 
     </span>
     <span class='ocr_line' id='line_1_27' title="bbox 433 3273 1385 3360; baseline -0.002 -21"><span class='ocrx_word' id='word_1_156' title='bbox 433 3276 582 3339; x_wconf 90' lang='lat' dir='ltr'><strong>calorem</strong></span> <span class='ocrx_word' id='word_1_157' title='bbox 607 3275 805 3360; x_wconf 85' lang='lat' dir='ltr'><strong>juventutis</strong></span> <span class='ocrx_word' id='word_1_158' title='bbox 834 3274 1028 3357; x_wconf 87' lang='lat' dir='ltr'><strong>aliquarum</strong></span> <span class='ocrx_word' id='word_1_159' title='bbox 1055 3275 1239 3339; x_wconf 81' lang='lat' dir='ltr'><strong>haeresium</strong></span> <span class='ocrx_word' id='word_1_160' title='bbox 1267 3273 1385 3337; x_wconf 88' lang='lat' dir='ltr'><strong>defeu-</strong></span> 
     </span>
     <span class='ocr_line' id='line_1_28' title="bbox 433 3375 1386 3457; baseline 0.001 -18"><span class='ocrx_word' id='word_1_161' title='bbox 433 3376 529 3441; x_wconf 89' lang='lat' dir='ltr'><strong>sione</strong></span> <span class='ocrx_word' id='word_1_162' title='bbox 545 3376 777 3454; x_wconf 84' lang='lat' dir='ltr'><strong>infamaverit,</strong></span> <span class='ocrx_word' id='word_1_163' title='bbox 795 3395 872 3441; x_wconf 87' lang='lat' dir='ltr'><strong>aevo</strong></span> <span class='ocrx_word' id='word_1_164' title='bbox 898 3376 1088 3440; x_wconf 88' lang='lat' dir='ltr'><strong>austeriore</strong></span> <span class='ocrx_word' id='word_1_165' title='bbox 1106 3376 1162 3440; x_wconf 89' lang='lat' dir='ltr'><strong>ita</strong></span> <span class='ocrx_word' id='word_1_166' title='bbox 1183 3375 1330 3457; x_wconf 88' lang='lat' dir='ltr'><strong>resipuit</strong></span> <span class='ocrx_word' id='word_1_167' title='bbox 1345 3382 1386 3440; x_wconf 91' lang='lat' dir='ltr'><strong>ut</strong></span> 
     </span>
     <span class='ocr_line' id='line_1_29' title="bbox 433 3475 1384 3560; baseline -0.001 -21"><span class='ocrx_word' id='word_1_168' title='bbox 433 3477 508 3541; x_wconf 92' lang='lat' dir='ltr'><strong>sine</strong></span> <span class='ocrx_word' id='word_1_169' title='bbox 525 3477 770 3543; x_wconf 87' lang='lat' dir='ltr'><strong>retractatione</strong></span> <span class='ocrx_word' id='word_1_170' title='bbox 787 3496 809 3540; x_wconf 90' lang='lat' dir='ltr'><strong>a</strong></span> <span class='ocrx_word' id='word_1_171' title='bbox 824 3476 1030 3560; x_wconf 90' lang='lat' dir='ltr'><strong>quibusdam</strong></span> <span class='ocrx_word' id='word_1_172' title='bbox 1043 3483 1186 3540; x_wconf 85' lang='lat' dir='ltr'><strong>sanctus</strong></span> <span class='ocrx_word' id='word_1_173' title='bbox 1200 3475 1384 3553; x_wconf 90' lang='lat' dir='ltr'><strong>habeatur,</strong></span> 
     </span>
     <span class='ocr_line' id='line_1_30' title="bbox 432 3575 1384 3659; baseline 0 -19"><span class='ocrx_word' id='word_1_174' title='bbox 432 3577 620 3641; x_wconf 88' lang='lat' dir='ltr'><strong>innumeris</strong></span> <span class='ocrx_word' id='word_1_175' title='bbox 644 3578 756 3655; x_wconf 75' lang='lat' dir='ltr'><strong>bunia,</strong></span> <span class='ocrx_word' id='word_1_176' title='bbox 780 3578 1000 3659; x_wconf 82' lang='lat' dir='ltr'><strong>maximeque</strong></span> <span class='ocrx_word' id='word_1_177' title='bbox 1019 3576 1215 3641; x_wconf 90' lang='lat' dir='ltr'><strong>humilitate</strong></span> <span class='ocrx_word' id='word_1_178' title='bbox 1236 3582 1272 3639; x_wconf 88' lang='lat' dir='ltr'><strong>et</strong></span> <span class='ocrx_word' id='word_1_179' title='bbox 1293 3575 1384 3640; x_wconf 90' lang='lat' dir='ltr'><strong>elee-</strong></span> 
     </span>
     <span class='ocr_line' id='line_1_31' title="bbox 431 3676 1387 3761; baseline -0.001 -22"><span class='ocrx_word' id='word_1_180' title='bbox 431 3678 596 3761; x_wconf 88' lang='lat' dir='ltr'><strong>mosynis,</strong></span> <span class='ocrx_word' id='word_1_181' title='bbox 610 3678 822 3760; x_wconf 89' lang='lat' dir='ltr'><strong>approbatus</strong></span> <span class='ocrx_word' id='word_1_182' title='bbox 835 3697 844 3758; x_wconf 84' lang='lat'>3</span> <span class='ocrx_word' id='word_1_183' title='bbox 858 3678 1034 3759; x_wconf 86' lang='lat' dir='ltr'><strong>largarum</strong></span> <span class='ocrx_word' id='word_1_184' title='bbox 1046 3676 1302 3759; x_wconf 87' lang='lat' dir='ltr'><strong>possessionum</strong></span> <span class='ocrx_word' id='word_1_185' title='bbox 1315 3676 1387 3739; x_wconf 86' lang='lat' dir='ltr'><strong>dis·</strong></span> 
     </span>
    </p>
   </div>
   <div class='ocr_carea' id='block_1_5' title="bbox 432 3968 1385 4385">
    <p class='ocr_par' dir='ltr' id='par_1_5' title="bbox 432 3968 1385 4101">
     <span class='ocr_line' id='line_1_32' title="bbox 467 3968 1385 4033; baseline 0.001 -13"><span class='ocrx_word' id='word_1_186' title='bbox 467 3969 608 4033; x_wconf 77' lang='lat' dir='ltr'><strong>¹Suuctoe.]</strong></span> <span class='ocrx_word' id='word_1_187' title='bbox 627 3969 651 4017; x_wconf 83' lang='lat' dir='ltr'><em>E</em></span> <span class='ocrx_word' id='word_1_188' title='bbox 660 3973 701 4029; x_wconf 89' lang='lat'><strong>1.;</strong></span> <span class='ocrx_word' id='word_1_189' title='bbox 718 3970 896 4032; x_wconf 77' lang='lat' dir='ltr'><strong>ameumimae,</strong></span> <span class='ocrx_word' id='word_1_190' title='bbox 920 3969 953 4019; x_wconf 89' lang='lat' dir='ltr'><strong>de</strong></span> <span class='ocrx_word' id='word_1_191' title='bbox 971 3984 1074 4031; x_wconf 90' lang='lat' dir='ltr'><strong>corpore</strong></span> <span class='ocrx_word' id='word_1_192' title='bbox 1091 3975 1118 4019; x_wconf 87' lang='lat' dir='ltr'><strong>et</strong></span> <span class='ocrx_word' id='word_1_193' title='bbox 1133 3968 1256 4031; x_wconf 83' lang='lat' dir='ltr'><strong>sanguiue</strong></span> <span class='ocrx_word' id='word_1_194' title='bbox 1270 3969 1385 4021; x_wconf 88' lang='lat' dir='ltr'><strong>Domini.</strong></span> 
     </span>
     <span class='ocr_line' id='line_1_33' title="bbox 432 4035 1385 4101; baseline -0.001 -10"><span class='ocrx_word' id='word_1_195' title='bbox 432 4042 466 4091; x_wconf 73' lang='lat' dir='ltr'><strong>A.</strong></span> <span class='ocrx_word' id='word_1_196' title='bbox 478 4042 507 4091; x_wconf 79' lang='lat' dir='ltr'><strong>S.</strong></span> <span class='ocrx_word' id='word_1_197' title='bbox 521 4043 551 4091; x_wconf 85' lang='lat' dir='ltr'><strong>C.</strong></span> <span class='ocrx_word' id='word_1_198' title='bbox 562 4041 598 4090; x_wconf 87' lang='lat' dir='ltr'><strong>D.</strong></span> <span class='ocrx_word' id='word_1_199' title='bbox 610 4040 665 4089; x_wconf 64' lang='lat' dir='ltr'><strong>Ei.</strong></span> <span class='ocrx_word' id='word_1_200' title='bbox 677 4039 709 4089; x_wconf 81' lang='lat' dir='ltr'><strong>L.</strong></span> <span class='ocrx_word' id='word_1_201' title='bbox 920 4039 1088 4101; x_wconf 63' lang='lat' dir='ltr'><strong>Laudamus,</strong></span> <span class='ocrx_word' id='word_1_202' title='bbox 1106 4040 1170 4089; x_wconf 74' lang='lat' dir='ltr'><strong>teste</strong></span> <span class='ocrx_word' id='word_1_203' title='bbox 1186 4039 1275 4089; x_wconf 88' lang='lat' dir='ltr'><strong>eodem</strong></span> <span class='ocrx_word' id='word_1_204' title='bbox 1290 4035 1385 4090; x_wconf 89' lang='lat' dir='ltr'><strong>biblio·</strong></span> 
     </span>
    </p>

    <p class='ocr_par' dir='ltr' id='par_1_6' title="bbox 432 4109 1385 4385">
     <span class='ocr_line' id='line_1_34' title="bbox 467 4109 1385 4174; baseline 0.001 -15"><span class='ocrx_word' id='word_1_205' title='bbox 467 4109 478 4142; x_wconf 77' lang='lat'>²</span> <span class='ocrx_word' id='word_1_206' title='bbox 496 4111 581 4160; x_wconf 81' lang='lat' dir='ltr'><strong>Libris</strong></span> <span class='ocrx_word' id='word_1_207' title='bbox 600 4109 777 4174; x_wconf 59' lang='lat' dir='ltr'><strong>Lunfruucus]</strong></span> <span class='ocrx_word' id='word_1_208' title='bbox 793 4109 894 4171; x_wconf 81' lang='lat' dir='ltr'><strong>‘Scrip</strong></span> <span class='ocrx_word' id='word_1_209' title='bbox 921 4110 1026 4173; x_wconf 80' lang='lat' dir='ltr'><strong>grapho,</strong></span> <span class='ocrx_word' id='word_1_210' title='bbox 1048 4110 1151 4171; x_wconf 88' lang='lat' dir='ltr'><strong>scripsit</strong></span> <span class='ocrx_word' id='word_1_211' title='bbox 1175 4111 1275 4170; x_wconf 88' lang='lat' dir='ltr'><strong>laudes,</strong></span> <span class='ocrx_word' id='word_1_212' title='bbox 1294 4112 1385 4161; x_wconf 88' lang='lat' dir='ltr'><strong>trium·</strong></span> 
     </span>
     <span class='ocr_line' id='line_1_35' title="bbox 433 4180 1385 4243; baseline 0.001 -13"><span class='ocrx_word' id='word_1_213' title='bbox 433 4182 475 4243; x_wconf 85' lang='lat' dir='ltr'><strong>sit,</strong></span> <span class='ocrx_word' id='word_1_214' title='bbox 492 4183 575 4243; x_wconf 89' lang='lat' dir='ltr'><strong>iuquit</strong></span> <span class='ocrx_word' id='word_1_215' title='bbox 585 4180 742 4243; x_wconf 79' lang='lat' dir='ltr'><strong>sigebertus,</strong></span> <span class='ocrx_word' id='word_1_216' title='bbox 755 4181 894 4229; x_wconf 81' lang='lat' dir='ltr'><strong>invectivas</strong></span> <span class='ocrx_word' id='word_1_217' title='bbox 921 4180 994 4243; x_wconf 87' lang='lat' dir='ltr'><strong>phos,</strong></span> <span class='ocrx_word' id='word_1_218' title='bbox 1004 4184 1169 4242; x_wconf 86' lang='lat' dir='ltr'><strong>etresgestas</strong></span> <span class='ocrx_word' id='word_1_219' title='bbox 1177 4180 1310 4231; x_wconf 88' lang='lat' dir='ltr'><strong>Guillelmi</strong></span> <span class='ocrx_word' id='word_1_220' title='bbox 1318 4182 1385 4231; x_wconf 89' lang='lat' dir='ltr'><strong>Nor·</strong></span> 
     </span>
     <span class='ocr_line' id='line_1_36' title="bbox 432 4246 1383 4318; baseline 0.001 -17"><span class='ocrx_word' id='word_1_221' title='bbox 432 4257 518 4301; x_wconf 86' lang='lat' dir='ltr'><strong>contra</strong></span> <span class='ocrx_word' id='word_1_222' title='bbox 532 4252 713 4313; x_wconf 84' lang='lat' dir='ltr'><strong>Bereugarium</strong></span> <span class='ocrx_word' id='word_1_223' title='bbox 724 4251 893 4299; x_wconf 85' lang='lat' dir='ltr'><strong>Turoneusem</strong></span> <span class='ocrx_word' id='word_1_224' title='bbox 920 4266 1067 4300; x_wconf 83' lang='lat' dir='ltr'><strong>maurorum</strong></span> <span class='ocrx_word' id='word_1_225' title='bbox 1098 4246 1215 4302; x_wconf 88' lang='lat' dir='ltr'><strong>comitis.&#39;</strong></span> <span class='ocrx_word' id='word_1_226' title='bbox 1247 4251 1329 4318; x_wconf 87' lang='lat' dir='ltr'><strong>(Note</strong></span> <span class='ocrx_word' id='word_1_227' title='bbox 1356 4254 1383 4302; x_wconf 91' lang='lat' dir='ltr'><strong>iu</strong></span> 
     </span>
     <span class='ocr_line' id='line_1_37' title="bbox 432 4318 1139 4385; baseline -0.001 -15"><span class='ocrx_word' id='word_1_228' title='bbox 432 4323 561 4385; x_wconf 87' lang='lat' dir='ltr'><strong>epistolas,</strong></span> <span class='ocrx_word' id='word_1_229' title='bbox 582 4321 699 4371; x_wconf 84' lang='lat' dir='ltr'><strong>refellens</strong></span> <span class='ocrx_word' id='word_1_230' title='bbox 722 4322 817 4383; x_wconf 84' lang='lat' dir='ltr'><strong>scripta</strong></span> <span class='ocrx_word' id='word_1_231' title='bbox 838 4322 894 4383; x_wconf 84' lang='lat' dir='ltr'><strong>ejus</strong></span> <span class='ocrx_word' id='word_1_232' title='bbox 920 4323 1004 4382; x_wconf 88' lang='lat' dir='ltr'><strong>Bouq.</strong></span> <span class='ocrx_word' id='word_1_233' title='bbox 1017 4334 1054 4371; x_wconf 78' lang='lat' dir='ltr'><strong>xl.</strong></span> <span class='ocrx_word' id='word_1_234' title='bbox 1067 4318 1139 4385; x_wconf 78' lang='lat'>191.)</span> 
     </span>
    </p>
   </div>
   <div class='ocr_carea' id='block_1_6' title="bbox 0 0 1554 5050">
    <p class='ocr_par' dir='ltr' id='par_1_7' title="bbox 0 0 1554 5050">
     <span class='ocr_line' id='line_1_38' title="bbox 0 0 1554 5050; baseline 0 0"><span class='ocrx_word' id='word_1_235' title='bbox 0 0 1554 5050; x_wconf 95' lang='lat' dir='ltr'><strong> </strong></span> 
     </span>
    </p>
   </div>
  </div>
 </body>
</html>
