3100 5050
187 540 256 588 mn.
273 527 323 608 v.]
413 545 530 595 cusan
552 545 680 594 nneuu
704 545 919 596 nuceonuu.
1071 531 1137 598 669

240 699 349 784 §432
373 702 442 767 ‘In
454 705 593 769 nomine
609 711 741 769 sanctae
765 712 800 769 et
816 703 1003 770 individuae
1020 702 1137 778 Trini-
1149 727 1274 776 mampe-

187 801 281 863 tatis.
335 801 412 885 Ego
436 803 624 883 Henricus,
655 805 724 870 Dei
754 805 870 887 gratia
898 775 1283 869 Romanorumssfflt'ffi

187 899 378 982 imperator
398 912 581 986 augustus,
606 925 670 988 pro
698 924 814 970 amore
840 905 919 981 Dei,
945 911 980 968 et
1004 912 1136 970 sanctae

189 997 360 1065 Romanae
387 1005 556 1082 ecclesiae,
577 1011 613 1068 et
644 1004 776 1069 domini
802 1003 936 1068 Calixti
961 1023 1075 1087 papae,
1100 1011 1136 1069 et

186 1118 252 1180 pro
266 1101 418 1166 remedio
434 1105 558 1168 animae
575 1123 674 1182 meae,
688 1104 825 1168 dimitto
846 1104 936 1181 Deo,
951 1110 987 1167 et
1003 1103 1135 1167 sanctis

189 1198 257 1270 Dei
280 1203 448 1283 apostolis
469 1203 578 1268 Petro
599 1212 635 1269 et
657 1203 782 1281 Paulo,
796 1209 996 1287 sanctaeque
1018 1203 1136 1267 catho-

188 1298 265 1363 licae
283 1301 451 1380 ccclesiae,
473 1323 610 1368 omnem
632 1303 873 1369 investituram
893 1321 955 1386 per
969 1304 1136 1368 annulum

187 1405 224 1462 et
249 1400 434 1483 bacnlnm3
470 1410 506 1467 et
532 1403 683 1468 concedo
704 1403 741 1468 in
775 1403 935 1468 omnibus
968 1403 1135 1483 ecclesiis,

188 1517 267 1580 quae
291 1500 328 1563 in
351 1521 460 1584 regno
474 1503 531 1567 vel
553 1504 699 1586 imperio
717 1522 795 1572 meo
819 1510 913 1580 sunt,
934 1503 1136 1566 canonicam

186 1597 261 1662 fieri
276 1598 477 1666 electionem
495 1610 530 1667 et
543 1603 688 1667 liberam
705 1603 1010 1666 consecrationem.
1045 1601 1134 1666 Pos-

185 1699 360 1764 sessiones
380 1708 416 1766 et
433 1702 565 1784 regalia
586 1703 681 1766 beati
694 1701 804 1780 Petri,
820 1721 898 1784 quae
922 1721 944 1765 a
965 1702 1135 1785 principio

184 1797 291 1881 hujus
312 1799 494 1866 discordiae
517 1821 627 1883 usque
653 1802 698 1866 ad
721 1801 924 1866 hodiernum
943 1801 1045 1878 diem,
1060 1802 1135 1865 sive

185 1904 340 1980 tempore
354 1902 464 1982 patris
483 1903 563 1979 mei,
582 1903 656 1966 sive
675 1901 781 1966 etiam
804 1921 893 1978 meo,
907 1901 1025 1966 ablata
1040 1907 1135 1979 sunt,

185 2016 266 2080 quae
281 1998 404 2077 habeo,
422 2000 532 2064 eidem
558 2008 689 2066 sanctae
705 2000 876 2065 Romanae
900 2001 1054 2064 ecclesiae
1081 2020 1134 2064 re-

184 2097 315 2177 stitu03
339 2119 417 2181 quae
440 2120 511 2164 non
532 2100 655 2178 habeo,
673 2107 713 2165 ut
737 2101 966 2166 restituantur
987 2099 1136 2164 fideliter

180 2194 327 2278 juvabo.
391 2197 637 2264 Possessiones
668 2200 773 2264 etiam
803 2200 954 2264 omnium
989 2200 1134 2264 aliarum

183 2296 420 2376 ecclesiarum,
447 2305 484 2362 et
511 2300 716 2382 principum,
744 2307 781 2363 et
806 2299 958 2363 omnium
987 2298 1133 2362 aliorum

183 2403 258 2459 tam
285 2396 454 2462 laicorum
475 2417 581 2480 quam
603 2399 817 2476 clericorum,
839 2417 918 2481 quae
943 2398 981 2460 in
1007 2417 1134 2480 guerra

182 2494 253 2560 ista
269 2497 407 2563 amissae
423 2504 517 2575 sunt,
532 2498 675 2564 consilio
701 2499 894 2583 principum
910 2496 967 2563 vel
981 2497 1133 2583 justitia,

182 2614 272 2678 quas
286 2597 398 2662 habeo
422 2598 584 2679 reddam3
609 2618 696 2681 quas
712 2615 782 2663 non
796 2598 919 2675 habeo,
933 2598 1079 2662 fideliter
1094 2607 1133 2664 ut

182 2696 373 2760 reddantur
384 2697 530 2782 juvabo.
581 2699 629 2763 Et
648 2699 693 2763 do
712 2717 831 2763 veram
852 2716 973 2782 pacem
995 2697 1134 2763 domino

183 2814 287 2879 papae
314 2796 468 2873 Calixto,
496 2804 532 2861 et
552 2805 684 2862 sanctae
708 2797 877 2862 Romanae
902 2797 1069 2874 ecclesiae,
1098 2804 1134 2862 et

180 2896 341 2959 omnibus
371 2896 490 2978 quiin
512 2904 610 2980 parte
640 2897 750 2980 ipsius
780 2905 862 2961 sunt
884 2896 941 2961 vel
972 2897 1131 2977 suerunt3

181 3002 217 3059 et
242 2996 428 3078 inquibus
454 3003 578 3061 sancta
604 2996 766 3062 Romana
793 2995 939 3061 ecclesia
963 2996 1133 3060 auxilium

180 3094 426 3177 postulaverit,
448 3095 595 3160 fideliter
612 3096 765 3180 juvab03
790 3102 825 3159 et
841 3096 884 3158 de
901 3095 1026 3176 quibus
1048 3094 1131 3159 mihi

181 3194 433 3276 querimoniam
458 3195 590 3273 iecerit,
612 3195 764 3259 debitam
788 3194 853 3259 sibi
876 3193 1002 3258 faciam
1025 3194 1131 3278 justi-

181 3294 291 3359 tiam!
343 3293 435 3359 Haec
462 3296 579 3359 omnia
603 3302 683 3359 acta
705 3302 788 3359 sunt
803 3312 971 3360 consensu
995 3300 1030 3357 et
1051 3312 1130 3357 con·

178 3393 258 3458 silio
273 3394 470 3477 principum
486 3414 633 3477 qnorum
648 3395 789 3457 nomina
811 3392 1005 3475 subscripta
1027 3399 1128 3457 sunt:

178 3491 349 3557 Albertns
375 3493 655 3577 archiepiscopus
687 3491 894 3574 Moguntiae,
927 3492 1130 3555 Fredericus

179 3590 401 3656 Coloniensis
431 3593 722 3676 archiepiscopus
753 3590 1018 3655 Ratisbonensis
1056 3592 1129 3673 epi-

177 3711 318 3774 scopuS,
353 3692 653 3775 Babenbergensis
681 3692 877 3775 episcopus
910 3691 1028 3754 Bruno
1050 3690 1128 3773 Spi-

176 3792 303 3869 rensis,
318 3790 565 3874 augustensis,
581 3791 828 3874 TrajectensiS,
838 3788 1127 3864 constantiensis

175 3892 287 3956 abbas
313 3891 509 3969 Foldensis,
543 3891 787 3955 Heremannus
812 3888 897 3965 dux,
924 3886 1127 3952 Fredericus

175 3991 263 4067 dux,
289 3990 500 4055 Bonefacius
527 3989 692 4065 marchio,
718 3987 933 4051 Thetbaldus
964 3984 1128 4061 marchio,

176 4090 345 4154 Ernulfus
367 4108 484 4153 comes
500 4089 688 4171 palatinus,
705 4087 872 4150 Otbertus
896 4104 1010 4149 comes
1031 4083 1129 4166 pala·

175 4191 284 4266 tinne,
299 4188 535 4269 Berengarius
552 4207 677 4251 comes.
1140 4240 1292 4291 numm

228 4288 338 4373 5438.
363 4287 492 4352 Sedato
514 4288 633 4368 itaque
656 4294 728 4350 tam
747 4289 890 4347 veterno
917 4284 1047 4358 morbo,
1070 4282 1233 4389 quigpffiue·
