<?xml version="1.0" encoding="UTF-8"?>
<!DOCTYPE html PUBLIC "-//W3C//DTD XHTML 1.0 Transitional//EN"
    "http://www.w3.org/TR/xhtml1/DTD/xhtml1-transitional.dtd">
<html xmlns="http://www.w3.org/1999/xhtml" xml:lang="en" lang="en">
 <head>
  <title>
</title>
<meta http-equiv="Content-Type" content="text/html;charset=utf-8" />
  <meta name='ocr-system' content='tesseract 3.04.00' />
  <meta name='ocr-capabilities' content='ocr_page ocr_carea ocr_par ocr_line ocrx_word'/>
</head>
<body>
  <div class='ocr_page' id='page_1' title='image "./willelmimalmesb02willgoog_0166.png"; bbox 0 0 3100 5050; ppageno 0'>
   <div class='ocr_carea' id='block_1_1' title="bbox 410 478 1375 562">
    <p class='ocr_par' dir='ltr' id='par_1_1' title="bbox 410 478 1375 562">
     <span class='ocr_line' id='line_1_1' title="bbox 410 478 1375 562; baseline -0.006 -18"><span class='ocrx_word' id='word_1_1' title='bbox 410 478 476 544; x_wconf 80' lang='lat'><strong>546</strong></span> <span class='ocrx_word' id='word_1_2' title='bbox 637 493 750 542; x_wconf 74' lang='lat' dir='ltr'><strong>onere</strong></span> <span class='ocrx_word' id='word_1_3' title='bbox 773 493 901 542; x_wconf 81' lang='lat' dir='ltr'><strong>xueuu</strong></span> <span class='ocrx_word' id='word_1_4' title='bbox 922 491 1137 542; x_wconf 72' lang='lat' dir='ltr'><strong>nuououuu.</strong></span> <span class='ocrx_word' id='word_1_5' title='bbox 1213 479 1300 562; x_wconf 80' lang='lat' dir='ltr'><strong>[erc.</strong></span> <span class='ocrx_word' id='word_1_6' title='bbox 1321 495 1375 541; x_wconf 82' lang='grc' dir='ltr'><strong>ιν.</strong></span> 
     </span>
    </p>
   </div>
   <div class='ocr_carea' id='block_1_2' title="bbox 1547 0 1551 736">
    <p class='ocr_par' dir='ltr' id='par_1_2' title="bbox 1547 0 1551 736">
     <span class='ocr_line' id='line_1_2' title="bbox 1547 0 1551 736; baseline 0 0"><span class='ocrx_word' id='word_1_7' title='bbox 1547 0 1551 736; x_wconf 95' lang='lat' dir='ltr'><strong> </strong></span> 
     </span>
    </p>
   </div>
   <div class='ocr_carea' id='block_1_3' title="bbox 250 651 1471 3751">
    <p class='ocr_par' dir='ltr' id='par_1_3' title="bbox 250 651 1471 3751">
     <span class='ocr_line' id='line_1_3' title="bbox 411 651 1371 718; baseline -0.002 0"><span class='ocrx_word' id='word_1_8' title='bbox 411 653 533 718; x_wconf 85' lang='lat' dir='ltr'><strong>raterii</strong></span> <span class='ocrx_word' id='word_1_9' title='bbox 559 654 689 718; x_wconf 92' lang='lat' dir='ltr'><strong>nummi</strong></span> <span class='ocrx_word' id='word_1_10' title='bbox 718 653 895 718; x_wconf 86' lang='lat' dir='ltr'><strong>Bizantini</strong></span> <span class='ocrx_word' id='word_1_11' title='bbox 920 652 1059 716; x_wconf 83' lang='lat' dir='ltr'><strong>vocati:</strong></span> <span class='ocrx_word' id='word_1_12' title='bbox 1083 651 1173 717; x_wconf 88' lang='lat' dir='ltr'><strong>hanc</strong></span> <span class='ocrx_word' id='word_1_13' title='bbox 1195 652 1371 718; x_wconf 81' lang='lat' dir='ltr'><strong>divinitus</strong></span> 
     </span>
     <span class='ocr_line' id='line_1_4' title="bbox 411 747 1369 832; baseline 0 -14"><span class='ocrx_word' id='word_1_14' title='bbox 411 761 567 818; x_wconf 89' lang='lat' dir='ltr'><strong>mutasse</strong></span> <span class='ocrx_word' id='word_1_15' title='bbox 582 774 720 832; x_wconf 90' lang='lat' dir='ltr'><strong>nomen,</strong></span> <span class='ocrx_word' id='word_1_16' title='bbox 738 754 773 818; x_wconf 89' lang='lat' dir='ltr'><strong>S.</strong></span> <span class='ocrx_word' id='word_1_17' title='bbox 789 752 972 818; x_wconf 88' lang='lat' dir='ltr'><strong>Aldelmus</strong></span> <span class='ocrx_word' id='word_1_18' title='bbox 994 760 1118 817; x_wconf 84' lang='lat' dir='ltr'>auctor</span> <span class='ocrx_word' id='word_1_19' title='bbox 1130 760 1185 818; x_wconf 93' lang='lat' dir='ltr'><strong>est</strong></span> <span class='ocrx_word' id='word_1_20' title='bbox 1203 747 1257 817; x_wconf 87' lang='lat' dir='ltr'><strong>lin</strong></span> <span class='ocrx_word' id='word_1_21' title='bbox 1273 754 1369 818; x_wconf 90' lang='lat' dir='ltr'><strong>libro</strong></span> 
     </span>
     <span class='ocr_line' id='line_1_5' title="bbox 250 853 1369 960; baseline -0.001 -41"><span class='ocrx_word' id='word_1_22' title='bbox 250 868 391 960; x_wconf 53' lang='lat' dir='ltr'><strong>gggffiion</strong></span> <span class='ocrx_word' id='word_1_23' title='bbox 413 855 468 920; x_wconf 85' lang='lat' dir='ltr'><strong>Do</strong></span> <span class='ocrx_word' id='word_1_24' title='bbox 485 854 711 937; x_wconf 85' lang='lat' dir='ltr'><strong>Virginitate,</strong></span> <span class='ocrx_word' id='word_1_25' title='bbox 733 854 931 939; x_wconf 89' lang='lat' dir='ltr'><strong>hujusmodi</strong></span> <span class='ocrx_word' id='word_1_26' title='bbox 950 853 1134 919; x_wconf 86' lang='lat' dir='ltr'><strong>sententia.</strong></span> <span class='ocrx_word' id='word_1_27' title='bbox 1187 853 1369 920; x_wconf 89' lang='lat' dir='ltr'><strong>Constan-</strong></span> 
     </span>
     <span class='ocr_line' id='line_1_6' title="bbox 393 946 1368 1037; baseline -0.002 -17"><span class='ocrx_word' id='word_1_28' title='bbox 393 946 499 1032; x_wconf 85' lang='lat' dir='ltr'><strong>&#39;tino,</strong></span> <span class='ocrx_word' id='word_1_29' title='bbox 523 957 560 1020; x_wconf 90' lang='lat' dir='ltr'><strong>in</strong></span> <span class='ocrx_word' id='word_1_30' title='bbox 585 956 705 1020; x_wconf 91' lang='lat' dir='ltr'><strong>eadem</strong></span> <span class='ocrx_word' id='word_1_31' title='bbox 728 957 814 1020; x_wconf 89' lang='lat' dir='ltr'><strong>urbe</strong></span> <span class='ocrx_word' id='word_1_32' title='bbox 838 961 1016 1037; x_wconf 88' lang='lat' dir='ltr'><strong>soporato,</strong></span> <span class='ocrx_word' id='word_1_33' title='bbox 1030 956 1107 1019; x_wconf 83' lang='lat' dir='ltr'><strong>visa</strong></span> <span class='ocrx_word' id='word_1_34' title='bbox 1131 963 1186 1019; x_wconf 91' lang='lat' dir='ltr'><strong>est</strong></span> <span class='ocrx_word' id='word_1_35' title='bbox 1207 957 1368 1019; x_wconf 80' lang='lat' dir='ltr'><strong>astitisse</strong></span> 
     </span>
     <span class='ocr_line' id='line_1_7' title="bbox 413 1055 1369 1139; baseline 0 -19"><span class='ocrx_word' id='word_1_36' title='bbox 413 1057 532 1120; x_wconf 88' lang='lat' dir='ltr'><strong>vetula</strong></span> <span class='ocrx_word' id='word_1_37' title='bbox 554 1057 652 1139; x_wconf 82' lang='lat' dir='ltr'><strong>mgis</strong></span> <span class='ocrx_word' id='word_1_38' title='bbox 675 1056 825 1120; x_wconf 82' lang='lat' dir='ltr'><strong>anilibus</strong></span> <span class='ocrx_word' id='word_1_39' title='bbox 845 1062 947 1119; x_wconf 89' lang='lat' dir='ltr'><strong>arata</strong></span> <span class='ocrx_word' id='word_1_40' title='bbox 960 1055 1130 1135; x_wconf 80' lang='lat' dir='ltr'><strong>frontem3</strong></span> <span class='ocrx_word' id='word_1_41' title='bbox 1154 1075 1238 1120; x_wconf 89' lang='lat' dir='ltr'><strong>mox</strong></span> <span class='ocrx_word' id='word_1_42' title='bbox 1254 1056 1369 1138; x_wconf 91' lang='lat' dir='ltr'><strong>impe-</strong></span> 
     </span>
     <span class='ocr_line' id='line_1_8' title="bbox 413 1155 1370 1242; baseline 0.001 -22"><span class='ocrx_word' id='word_1_43' title='bbox 413 1157 492 1220; x_wconf 84' lang='lat' dir='ltr'><strong>riali</strong></span> <span class='ocrx_word' id='word_1_44' title='bbox 508 1157 688 1242; x_wconf 77' lang='lat' dir='ltr'><strong>chlamyde</strong></span> <span class='ocrx_word' id='word_1_45' title='bbox 702 1158 831 1221; x_wconf 90' lang='lat' dir='ltr'><strong>amicta</strong></span> <span class='ocrx_word' id='word_1_46' title='bbox 852 1156 889 1218; x_wconf 89' lang='lat' dir='ltr'><strong>in</strong></span> <span class='ocrx_word' id='word_1_47' title='bbox 906 1155 1132 1240; x_wconf 74' lang='lat' dir='ltr'><strong>juvenculam</strong></span> <span class='ocrx_word' id='word_1_48' title='bbox 1153 1157 1370 1234; x_wconf 76' lang='lat' dir='ltr'><strong>refloruisse,</strong></span> 
     </span>
     <span class='ocr_line' id='line_1_9' title="bbox 413 1256 1366 1340; baseline -0.001 -18"><span class='ocrx_word' id='word_1_49' title='bbox 413 1258 603 1340; x_wconf 88' lang='lat' dir='ltr'><strong>viridisque</strong></span> <span class='ocrx_word' id='word_1_50' title='bbox 625 1259 744 1322; x_wconf 84' lang='lat' dir='ltr'><strong>formae</strong></span> <span class='ocrx_word' id='word_1_51' title='bbox 773 1257 898 1321; x_wconf 89' lang='lat' dir='ltr'><strong>decore</strong></span> <span class='ocrx_word' id='word_1_52' title='bbox 923 1256 1146 1321; x_wconf 77' lang='lat' dir='ltr'><strong>Constantini</strong></span> <span class='ocrx_word' id='word_1_53' title='bbox 1174 1258 1366 1340; x_wconf 80' lang='lat' dir='ltr'><strong>pellexisse</strong></span> 
     </span>
     <span class='ocr_line' id='line_1_10' title="bbox 414 1358 1367 1440; baseline -0.001 -18"><span class='ocrx_word' id='word_1_54' title='bbox 414 1359 552 1424; x_wconf 92' lang='lat' dir='ltr'><strong>oculum</strong></span> <span class='ocrx_word' id='word_1_55' title='bbox 574 1367 702 1423; x_wconf 88' lang='lat' dir='ltr'><strong>utnon</strong></span> <span class='ocrx_word' id='word_1_56' title='bbox 725 1358 914 1422; x_wconf 81' lang='lat' dir='ltr'><strong>abstineret</strong></span> <span class='ocrx_word' id='word_1_57' title='bbox 930 1358 1014 1439; x_wconf 93' lang='lat' dir='ltr'><strong>quin</strong></span> <span class='ocrx_word' id='word_1_58' title='bbox 1035 1359 1229 1440; x_wconf 83' lang='lat' dir='ltr'><strong>porrigeret</strong></span> <span class='ocrx_word' id='word_1_59' title='bbox 1252 1360 1284 1421; x_wconf 93' lang='lat' dir='ltr'><strong>ei</strong></span> <span class='ocrx_word' id='word_1_60' title='bbox 1306 1377 1367 1422; x_wconf 88' lang='lat' dir='ltr'><strong>os-</strong></span> 
     </span>
     <span class='ocr_line' id='line_1_11' title="bbox 415 1457 1367 1540; baseline 0 -18"><span class='ocrx_word' id='word_1_61' title='bbox 415 1459 542 1524; x_wconf 90' lang='lat' dir='ltr'><strong>culum.</strong></span> <span class='ocrx_word' id='word_1_62' title='bbox 594 1459 694 1523; x_wconf 87' lang='lat' dir='ltr'><strong>Tunc</strong></span> <span class='ocrx_word' id='word_1_63' title='bbox 718 1457 893 1522; x_wconf 83' lang='lat' dir='ltr'><strong>Helenam</strong></span> <span class='ocrx_word' id='word_1_64' title='bbox 917 1465 1075 1534; x_wconf 90' lang='lat' dir='ltr'><strong>matrem,</strong></span> <span class='ocrx_word' id='word_1_65' title='bbox 1105 1478 1185 1540; x_wconf 86' lang='lat' dir='ltr'><strong>quae</strong></span> <span class='ocrx_word' id='word_1_66' title='bbox 1212 1459 1367 1536; x_wconf 87' lang='lat' dir='ltr'><strong>adesset,</strong></span> 
     </span>
     <span class='ocr_line' id='line_1_12' title="bbox 414 1559 1367 1642; baseline 0.001 -20"><span class='ocrx_word' id='word_1_67' title='bbox 414 1559 557 1636; x_wconf 86' lang='lat' dir='ltr'><strong>dixisse,</strong></span> <span class='ocrx_word' id='word_1_68' title='bbox 571 1564 581 1594; x_wconf 89' lang='lat'>‘</span> <span class='ocrx_word' id='word_1_69' title='bbox 593 1559 683 1624; x_wconf 85' lang='lat' dir='ltr'><strong>Haec</strong></span> <span class='ocrx_word' id='word_1_70' title='bbox 699 1567 762 1623; x_wconf 91' lang='lat' dir='ltr'><strong>tua</strong></span> <span class='ocrx_word' id='word_1_71' title='bbox 782 1577 918 1641; x_wconf 87' lang='lat' dir='ltr'><strong>semper</strong></span> <span class='ocrx_word' id='word_1_72' title='bbox 936 1559 1014 1635; x_wconf 92' lang='lat' dir='ltr'><strong>erit,</strong></span> <span class='ocrx_word' id='word_1_73' title='bbox 1031 1578 1266 1642; x_wconf 87' lang='lat' dir='ltr'><strong>necunquam</strong></span> <span class='ocrx_word' id='word_1_74' title='bbox 1288 1579 1367 1623; x_wconf 89' lang='lat' dir='ltr'><strong>mo-</strong></span> 
     </span>
     <span class='ocr_line' id='line_1_13' title="bbox 415 1656 1368 1743; baseline 0.001 -21"><span class='ocrx_word' id='word_1_75' title='bbox 415 1660 535 1737; x_wconf 90' lang='lat' dir='ltr'><strong>rietur,</strong></span> <span class='ocrx_word' id='word_1_76' title='bbox 559 1660 625 1724; x_wconf 87' lang='lat' dir='ltr'><strong>nisi</strong></span> <span class='ocrx_word' id='word_1_77' title='bbox 649 1660 685 1723; x_wconf 91' lang='lat' dir='ltr'><strong>in</strong></span> <span class='ocrx_word' id='word_1_78' title='bbox 706 1659 775 1723; x_wconf 92' lang='lat' dir='ltr'><strong>fine</strong></span> <span class='ocrx_word' id='word_1_79' title='bbox 795 1658 927 1723; x_wconf 67' lang='lat' dir='ltr'><strong>seculi?</strong></span> <span class='ocrx_word' id='word_1_80' title='bbox 979 1656 1100 1743; x_wconf 91' lang='lat' dir='ltr'><strong>Hujus</strong></span> <span class='ocrx_word' id='word_1_81' title='bbox 1120 1660 1246 1723; x_wconf 87' lang='lat' dir='ltr'><strong>somnii</strong></span> <span class='ocrx_word' id='word_1_82' title='bbox 1269 1660 1368 1723; x_wconf 56' lang='lat' dir='ltr'><strong>solua</strong></span> 
     </span>
     <span class='ocr_line' id='line_1_14' title="bbox 414 1757 1368 1844; baseline 0.002 -22"><span class='ocrx_word' id='word_1_83' title='bbox 414 1759 543 1823; x_wconf 91' lang='lat' dir='ltr'><strong>tionem</strong></span> <span class='ocrx_word' id='word_1_84' title='bbox 558 1757 751 1841; x_wconf 77' lang='lat' dir='ltr'><strong>Augustae,</strong></span> <span class='ocrx_word' id='word_1_85' title='bbox 763 1766 908 1824; x_wconf 84' lang='lat' dir='ltr'><strong>extruso</strong></span> <span class='ocrx_word' id='word_1_86' title='bbox 923 1779 1060 1841; x_wconf 91' lang='lat' dir='ltr'><strong>sopore,</strong></span> <span class='ocrx_word' id='word_1_87' title='bbox 1069 1759 1216 1844; x_wconf 88' lang='lat' dir='ltr'><strong>jejuniis</strong></span> <span class='ocrx_word' id='word_1_88' title='bbox 1229 1768 1265 1825; x_wconf 91' lang='lat' dir='ltr'><strong>et</strong></span> <span class='ocrx_word' id='word_1_89' title='bbox 1274 1760 1368 1824; x_wconf 91' lang='lat' dir='ltr'><strong>elee-</strong></span> 
     </span>
     <span class='ocr_line' id='line_1_15' title="bbox 357 1859 1366 1944; baseline 0.002 -22"><span class='ocrx_word' id='word_1_90' title='bbox 357 1873 367 1884; x_wconf 93' lang='lat'><strong>·</strong></span> <span class='ocrx_word' id='word_1_91' title='bbox 414 1861 568 1944; x_wconf 90' lang='lat' dir='ltr'><strong>mosynis</strong></span> <span class='ocrx_word' id='word_1_92' title='bbox 586 1860 793 1924; x_wconf 87' lang='lat' dir='ltr'><strong>extrahebat</strong></span> <span class='ocrx_word' id='word_1_93' title='bbox 811 1879 831 1923; x_wconf 94' lang='lat' dir='ltr'><strong>e</strong></span> <span class='ocrx_word' id='word_1_94' title='bbox 853 1860 954 1924; x_wconf 87' lang='lat' dir='ltr'><strong>coelo.</strong></span> <span class='ocrx_word' id='word_1_95' title='bbox 1006 1859 1055 1924; x_wconf 87' lang='lat' dir='ltr'><strong>Et</strong></span> <span class='ocrx_word' id='word_1_96' title='bbox 1070 1879 1162 1938; x_wconf 90' lang='lat' dir='ltr'><strong>ecce,</strong></span> <span class='ocrx_word' id='word_1_97' title='bbox 1185 1869 1268 1944; x_wconf 91' lang='lat' dir='ltr'><strong>post</strong></span> <span class='ocrx_word' id='word_1_98' title='bbox 1284 1869 1366 1926; x_wconf 87' lang='lat' dir='ltr'><strong>octo</strong></span> 
     </span>
     <span class='ocr_line' id='line_1_16' title="bbox 415 1959 1367 2044; baseline 0.002 -21"><span class='ocrx_word' id='word_1_99' title='bbox 415 1960 488 2024; x_wconf 92' lang='lat' dir='ltr'><strong>dies</strong></span> <span class='ocrx_word' id='word_1_100' title='bbox 512 1961 638 2025; x_wconf 89' lang='lat' dir='ltr'><strong>iterum</strong></span> <span class='ocrx_word' id='word_1_101' title='bbox 664 1967 863 2044; x_wconf 89' lang='lat' dir='ltr'><strong>soporatus,</strong></span> <span class='ocrx_word' id='word_1_102' title='bbox 884 1961 981 2024; x_wconf 82' lang='lat' dir='ltr'><strong>visus</strong></span> <span class='ocrx_word' id='word_1_103' title='bbox 1008 1967 1063 2024; x_wconf 87' lang='lat' dir='ltr'><strong>est</strong></span> <span class='ocrx_word' id='word_1_104' title='bbox 1083 1959 1201 2025; x_wconf 81' lang='lat' dir='ltr'><strong>videre</strong></span> <span class='ocrx_word' id='word_1_105' title='bbox 1232 1961 1367 2025; x_wconf 88' lang='lat' dir='ltr'><strong>Silves-</strong></span> 
     </span>
     <span class='ocr_line' id='line_1_17' title="bbox 415 2060 1365 2144; baseline 0 -20"><span class='ocrx_word' id='word_1_106' title='bbox 415 2068 507 2125; x_wconf 91' lang='lat' dir='ltr'><strong>trum</strong></span> <span class='ocrx_word' id='word_1_107' title='bbox 521 2081 661 2144; x_wconf 89' lang='lat' dir='ltr'><strong>papam,</strong></span> <span class='ocrx_word' id='word_1_108' title='bbox 675 2061 781 2144; x_wconf 90' lang='lat' dir='ltr'><strong>paulo</strong></span> <span class='ocrx_word' id='word_1_109' title='bbox 801 2068 882 2125; x_wconf 85' lang='lat' dir='ltr'><strong>ante</strong></span> <span class='ocrx_word' id='word_1_110' title='bbox 899 2060 1110 2138; x_wconf 82' lang='lat' dir='ltr'><strong>defunctum,</strong></span> <span class='ocrx_word' id='word_1_111' title='bbox 1125 2063 1186 2144; x_wconf 93' lang='lat' dir='ltr'><strong>qui</strong></span> <span class='ocrx_word' id='word_1_112' title='bbox 1201 2060 1295 2126; x_wconf 91' lang='lat' dir='ltr'><strong>dulci</strong></span> <span class='ocrx_word' id='word_1_113' title='bbox 1309 2061 1365 2124; x_wconf 94' lang='lat' dir='ltr'><strong>lu·</strong></span> 
     </span>
     <span class='ocr_line' id='line_1_18' title="bbox 414 2155 1367 2244; baseline 0.002 -20"><span class='ocrx_word' id='word_1_114' title='bbox 414 2161 544 2228; x_wconf 89' lang='lat' dir='ltr'><strong>minum</strong></span> <span class='ocrx_word' id='word_1_115' title='bbox 559 2163 631 2225; x_wconf 91' lang='lat' dir='ltr'><strong>risu</strong></span> <span class='ocrx_word' id='word_1_116' title='bbox 641 2155 864 2244; x_wconf 86' lang='lat' dir='ltr'><strong>²discipulum</strong></span> <span class='ocrx_word' id='word_1_117' title='bbox 878 2161 1128 2244; x_wconf 85' lang='lat' dir='ltr'><strong>perstringens,</strong></span> <span class='ocrx_word' id='word_1_118' title='bbox 1142 2161 1367 2239; x_wconf 88' lang='lat' dir='ltr'><strong>‘Consueta,’</strong></span> 
     </span>
     <span class='ocr_line' id='line_1_19' title="bbox 414 2260 1366 2345; baseline 0.001 -21"><span class='ocrx_word' id='word_1_119' title='bbox 414 2260 539 2344; x_wconf 82' lang='lat' dir='ltr'><strong>inquit,</strong></span> <span class='ocrx_word' id='word_1_120' title='bbox 556 2263 678 2344; x_wconf 84' lang='lat' dir='ltr'><strong>‘egisti</strong></span> <span class='ocrx_word' id='word_1_121' title='bbox 695 2261 891 2345; x_wconf 89' lang='lat' dir='ltr'><strong>prudentia,</strong></span> <span class='ocrx_word' id='word_1_122' title='bbox 906 2269 946 2326; x_wconf 90' lang='lat' dir='ltr'><strong>ut</strong></span> <span class='ocrx_word' id='word_1_123' title='bbox 961 2261 1053 2344; x_wconf 90' lang='lat' dir='ltr'><strong>quod</strong></span> <span class='ocrx_word' id='word_1_124' title='bbox 1075 2262 1290 2326; x_wconf 89' lang='lat' dir='ltr'><strong>intellectum</strong></span> <span class='ocrx_word' id='word_1_125' title='bbox 1314 2263 1366 2326; x_wconf 86' lang='lat' dir='ltr'><strong>ef-</strong></span> 
     </span>
     <span class='ocr_line' id='line_1_20' title="bbox 414 2361 1365 2444; baseline 0 -18"><span class='ocrx_word' id='word_1_126' title='bbox 414 2361 551 2444; x_wconf 85' lang='lat' dir='ltr'><strong>fugeret</strong></span> <span class='ocrx_word' id='word_1_127' title='bbox 581 2362 740 2439; x_wconf 91' lang='lat' dir='ltr'><strong>hominis,</strong></span> <span class='ocrx_word' id='word_1_128' title='bbox 774 2382 796 2425; x_wconf 91' lang='lat' dir='ltr'><strong>a</strong></span> <span class='ocrx_word' id='word_1_129' title='bbox 822 2362 899 2426; x_wconf 91' lang='lat' dir='ltr'><strong>Deo</strong></span> <span class='ocrx_word' id='word_1_130' title='bbox 928 2369 1132 2444; x_wconf 85' lang='lat' dir='ltr'><strong>expectares</strong></span> <span class='ocrx_word' id='word_1_131' title='bbox 1160 2362 1365 2427; x_wconf 88' lang='lat' dir='ltr'><strong>solvendum</strong></span> 
     </span>
     <span class='ocr_line' id='line_1_21' title="bbox 416 2461 1366 2545; baseline 0.001 -18"><span class='ocrx_word' id='word_1_132' title='bbox 416 2462 544 2528; x_wconf 86' lang='lat' dir='ltr'><strong>nodum</strong></span> <span class='ocrx_word' id='word_1_133' title='bbox 561 2463 768 2545; x_wconf 84' lang='lat' dir='ltr'><strong>aenigmatis.</strong></span> <span class='ocrx_word' id='word_1_134' title='bbox 809 2462 899 2527; x_wconf 85' lang='lat' dir='ltr'><strong>Haec</strong></span> <span class='ocrx_word' id='word_1_135' title='bbox 912 2461 1020 2545; x_wconf 84' lang='lat' dir='ltr'><strong>igitur</strong></span> <span class='ocrx_word' id='word_1_136' title='bbox 1036 2481 1141 2545; x_wconf 87' lang='lat' dir='ltr'><strong>quam</strong></span> <span class='ocrx_word' id='word_1_137' title='bbox 1155 2463 1275 2528; x_wconf 83' lang='lat' dir='ltr'><strong>vidisti</strong></span> <span class='ocrx_word' id='word_1_138' title='bbox 1288 2465 1366 2529; x_wconf 91' lang='lat' dir='ltr'><strong>ani-</strong></span> 
     </span>
     <span class='ocr_line' id='line_1_22' title="bbox 416 2563 1367 2649; baseline 0.002 -22"><span class='ocrx_word' id='word_1_139' title='bbox 416 2563 496 2627; x_wconf 85' lang='lat' dir='ltr'><strong>cula</strong></span> <span class='ocrx_word' id='word_1_140' title='bbox 521 2571 575 2628; x_wconf 90' lang='lat' dir='ltr'><strong>est</strong></span> <span class='ocrx_word' id='word_1_141' title='bbox 599 2564 724 2628; x_wconf 82' lang='lat' dir='ltr'><strong>civitas</strong></span> <span class='ocrx_word' id='word_1_142' title='bbox 748 2564 829 2641; x_wconf 87' lang='lat' dir='ltr'><strong>ista,</strong></span> <span class='ocrx_word' id='word_1_143' title='bbox 856 2563 923 2627; x_wconf 87' lang='lat' dir='ltr'><strong>aevi</strong></span> <span class='ocrx_word' id='word_1_144' title='bbox 945 2564 1016 2626; x_wconf 92' lang='lat' dir='ltr'><strong>situ</strong></span> <span class='ocrx_word' id='word_1_145' title='bbox 1038 2564 1235 2646; x_wconf 83' lang='lat' dir='ltr'><strong>decrepita3</strong></span> <span class='ocrx_word' id='word_1_146' title='bbox 1264 2565 1367 2649; x_wconf 90' lang='lat' dir='ltr'><strong>cujus</strong></span> 
     </span>
     <span class='ocr_line' id='line_1_23' title="bbox 411 2663 1366 2747; baseline 0.001 -20"><span class='ocrx_word' id='word_1_147' title='bbox 411 2663 486 2747; x_wconf 91' lang='lat' dir='ltr'><strong>jam</strong></span> <span class='ocrx_word' id='word_1_148' title='bbox 503 2670 678 2728; x_wconf 85' lang='lat' dir='ltr'><strong>vetustate</strong></span> <span class='ocrx_word' id='word_1_149' title='bbox 695 2682 826 2746; x_wconf 87' lang='lat' dir='ltr'><strong>quassa</strong></span> <span class='ocrx_word' id='word_1_150' title='bbox 846 2664 988 2735; x_wconf 86' lang='lat' dir='ltr'><strong>moenia,</strong></span> <span class='ocrx_word' id='word_1_151' title='bbox 1005 2671 1041 2727; x_wconf 90' lang='lat' dir='ltr'><strong>et</strong></span> <span class='ocrx_word' id='word_1_152' title='bbox 1055 2664 1206 2727; x_wconf 86' lang='lat' dir='ltr'><strong>vicinam</strong></span> <span class='ocrx_word' id='word_1_153' title='bbox 1227 2666 1366 2728; x_wconf 90' lang='lat' dir='ltr'><strong>ruinam</strong></span> 
     </span>
     <span class='ocr_line' id='line_1_24' title="bbox 415 2763 1367 2847; baseline 0.004 -22"><span class='ocrx_word' id='word_1_154' title='bbox 415 2764 595 2841; x_wconf 87' lang='lat' dir='ltr'><strong>minantia,</strong></span> <span class='ocrx_word' id='word_1_155' title='bbox 622 2771 855 2847; x_wconf 87' lang='lat' dir='ltr'><strong>reparatorem</strong></span> <span class='ocrx_word' id='word_1_156' title='bbox 873 2763 1082 2827; x_wconf 88' lang='lat' dir='ltr'><strong>desiderant.</strong></span> <span class='ocrx_word' id='word_1_157' title='bbox 1133 2763 1202 2827; x_wconf 86' lang='lat' dir='ltr'><strong>Sed</strong></span> <span class='ocrx_word' id='word_1_158' title='bbox 1225 2772 1265 2828; x_wconf 95' lang='lat' dir='ltr'><strong>tu</strong></span> <span class='ocrx_word' id='word_1_159' title='bbox 1287 2786 1367 2829; x_wconf 90' lang='lat' dir='ltr'><strong>eam</strong></span> 
     </span>
     <span class='ocr_line' id='line_1_25' title="bbox 415 2863 1471 2947; baseline 0.003 -21"><span class='ocrx_word' id='word_1_160' title='bbox 415 2865 524 2927; x_wconf 90' lang='lat' dir='ltr'><strong>muris</strong></span> <span class='ocrx_word' id='word_1_161' title='bbox 539 2864 730 2929; x_wconf 88' lang='lat' dir='ltr'><strong>reformans</strong></span> <span class='ocrx_word' id='word_1_162' title='bbox 752 2870 788 2928; x_wconf 92' lang='lat' dir='ltr'><strong>et</strong></span> <span class='ocrx_word' id='word_1_163' title='bbox 810 2865 945 2947; x_wconf 90' lang='lat' dir='ltr'><strong>opibus,</strong></span> <span class='ocrx_word' id='word_1_164' title='bbox 962 2863 1134 2928; x_wconf 84' lang='lat' dir='ltr'><strong>vocabulo</strong></span> <span class='ocrx_word' id='word_1_165' title='bbox 1151 2884 1289 2947; x_wconf 90' lang='lat' dir='ltr'><strong>quoque</strong></span> <span class='ocrx_word' id='word_1_166' title='bbox 1310 2867 1367 2929; x_wconf 87' lang='lat' dir='ltr'><strong>in·</strong></span> <span class='ocrx_word' id='word_1_167' title='bbox 1450 2882 1471 2906; x_wconf 80' lang='lat'><em>⁰</em></span> 
     </span>
     <span class='ocr_line' id='line_1_26' title="bbox 416 2963 1368 3047; baseline 0.003 -20"><span class='ocrx_word' id='word_1_168' title='bbox 416 2965 544 3045; x_wconf 87' lang='lat' dir='ltr'><strong>signies</strong></span> <span class='ocrx_word' id='word_1_169' title='bbox 568 2972 641 3042; x_wconf 90' lang='lat' dir='ltr'><strong>tuo,</strong></span> <span class='ocrx_word' id='word_1_170' title='bbox 658 2972 694 3028; x_wconf 90' lang='lat' dir='ltr'><strong>et</strong></span> <span class='ocrx_word' id='word_1_171' title='bbox 719 2964 879 3047; x_wconf 88' lang='lat' dir='ltr'><strong>regnabit</strong></span> <span class='ocrx_word' id='word_1_172' title='bbox 899 2963 937 3027; x_wconf 92' lang='lat' dir='ltr'><strong>in</strong></span> <span class='ocrx_word' id='word_1_173' title='bbox 958 2982 1001 3027; x_wconf 88' lang='lat' dir='ltr'><strong>ea</strong></span> <span class='ocrx_word' id='word_1_174' title='bbox 1022 2970 1191 3047; x_wconf 87' lang='lat' dir='ltr'><strong>perpetuo</strong></span> <span class='ocrx_word' id='word_1_175' title='bbox 1215 2966 1368 3047; x_wconf 89' lang='lat' dir='ltr'><strong>impera-</strong></span> 
     </span>
     <span class='ocr_line' id='line_1_27' title="bbox 417 3064 1368 3147; baseline 0.002 -20"><span class='ocrx_word' id='word_1_176' title='bbox 417 3064 507 3128; x_wconf 89' lang='lat' dir='ltr'><strong>toria</strong></span> <span class='ocrx_word' id='word_1_177' title='bbox 524 3065 718 3147; x_wconf 86' lang='lat' dir='ltr'><strong>progenies.</strong></span> <span class='ocrx_word' id='word_1_178' title='bbox 771 3064 855 3129; x_wconf 94' lang='lat' dir='ltr'><strong>Non</strong></span> <span class='ocrx_word' id='word_1_179' title='bbox 880 3070 996 3127; x_wconf 89' lang='lat' dir='ltr'><strong>tamen</strong></span> <span class='ocrx_word' id='word_1_180' title='bbox 1013 3070 1074 3128; x_wconf 91' lang='lat' dir='ltr'><strong>tuo</strong></span> <span class='ocrx_word' id='word_1_181' title='bbox 1098 3065 1269 3129; x_wconf 89' lang='lat' dir='ltr'><strong>arbitratu</strong></span> <span class='ocrx_word' id='word_1_182' title='bbox 1287 3066 1368 3129; x_wconf 84' lang='lat' dir='ltr'><strong>fun-</strong></span> 
     </span>
     <span class='ocr_line' id='line_1_28' title="bbox 416 3163 1368 3248; baseline 0.003 -21"><span class='ocrx_word' id='word_1_183' title='bbox 416 3163 579 3228; x_wconf 89' lang='lat' dir='ltr'><strong>damenta</strong></span> <span class='ocrx_word' id='word_1_184' title='bbox 596 3165 718 3248; x_wconf 87' lang='lat' dir='ltr'><strong>jacies,</strong></span> <span class='ocrx_word' id='word_1_185' title='bbox 736 3165 799 3228; x_wconf 88' lang='lat' dir='ltr'><strong>sed</strong></span> <span class='ocrx_word' id='word_1_186' title='bbox 821 3183 966 3228; x_wconf 87' lang='lat' dir='ltr'><strong>ascenso</strong></span> <span class='ocrx_word' id='word_1_187' title='bbox 988 3164 1165 3247; x_wconf 90' lang='lat' dir='ltr'><strong>sonipede,</strong></span> <span class='ocrx_word' id='word_1_188' title='bbox 1187 3166 1244 3228; x_wconf 90' lang='lat' dir='ltr'><strong>cui</strong></span> <span class='ocrx_word' id='word_1_189' title='bbox 1258 3185 1368 3247; x_wconf 93' lang='lat' dir='ltr'><strong>quon-</strong></span> 
     </span>
     <span class='ocr_line' id='line_1_29' title="bbox 417 3264 1368 3347; baseline 0.004 -20"><span class='ocrx_word' id='word_1_190' title='bbox 417 3264 496 3327; x_wconf 89' lang='lat' dir='ltr'><strong>dam</strong></span> <span class='ocrx_word' id='word_1_191' title='bbox 508 3264 603 3327; x_wconf 88' lang='lat' dir='ltr'><strong>rudis</strong></span> <span class='ocrx_word' id='word_1_192' title='bbox 614 3264 823 3329; x_wconf 85' lang='lat' dir='ltr'><strong>Christicola</strong></span> <span class='ocrx_word' id='word_1_193' title='bbox 830 3265 983 3328; x_wconf 91' lang='lat' dir='ltr'><strong>insidens</strong></span> <span class='ocrx_word' id='word_1_194' title='bbox 993 3266 1230 3347; x_wconf 89' lang='lat' dir='ltr'><strong>apostolorum</strong></span> <span class='ocrx_word' id='word_1_195' title='bbox 1244 3265 1368 3331; x_wconf 86' lang='lat' dir='ltr'><strong>Romae</strong></span> 
     </span>
     <span class='ocr_line' id='line_1_30' title="bbox 417 3365 1369 3448; baseline 0.003 -21"><span class='ocrx_word' id='word_1_196' title='bbox 417 3365 571 3428; x_wconf 87' lang='lat' dir='ltr'><strong>circuisti</strong></span> <span class='ocrx_word' id='word_1_197' title='bbox 588 3365 763 3442; x_wconf 88' lang='lat' dir='ltr'><strong>ecclesias,</strong></span> <span class='ocrx_word' id='word_1_198' title='bbox 781 3365 911 3429; x_wconf 88' lang='lat' dir='ltr'><strong>laxatis</strong></span> <span class='ocrx_word' id='word_1_199' title='bbox 921 3365 1076 3442; x_wconf 88' lang='lat' dir='ltr'><strong>habenis,</strong></span> <span class='ocrx_word' id='word_1_200' title='bbox 1092 3385 1162 3448; x_wconf 95' lang='lat' dir='ltr'><strong>quo</strong></span> <span class='ocrx_word' id='word_1_201' title='bbox 1172 3366 1268 3431; x_wconf 89' lang='lat' dir='ltr'><strong>volet</strong></span> <span class='ocrx_word' id='word_1_202' title='bbox 1281 3387 1369 3430; x_wconf 91' lang='lat' dir='ltr'><strong>eun-</strong></span> 
     </span>
     <span class='ocr_line' id='line_1_31' title="bbox 417 3464 1368 3549; baseline 0.004 -22"><span class='ocrx_word' id='word_1_203' title='bbox 417 3465 452 3527; x_wconf 90' lang='lat' dir='ltr'><strong>di</strong></span> <span class='ocrx_word' id='word_1_204' title='bbox 471 3472 668 3548; x_wconf 90' lang='lat' dir='ltr'><strong>promptum</strong></span> <span class='ocrx_word' id='word_1_205' title='bbox 681 3466 732 3529; x_wconf 91' lang='lat' dir='ltr'><strong>illi</strong></span> <span class='ocrx_word' id='word_1_206' title='bbox 747 3466 849 3529; x_wconf 89' lang='lat' dir='ltr'><strong>cedes</strong></span> <span class='ocrx_word' id='word_1_207' title='bbox 872 3466 1052 3529; x_wconf 89' lang='lat' dir='ltr'><strong>arbitrium</strong></span> <span class='ocrx_word' id='word_1_208' title='bbox 1066 3486 1075 3546; x_wconf 83' lang='lat'>3</span> <span class='ocrx_word' id='word_1_209' title='bbox 1099 3464 1314 3549; x_wconf 90' lang='lat' dir='ltr'><strong>habebisque</strong></span> <span class='ocrx_word' id='word_1_210' title='bbox 1329 3469 1368 3531; x_wconf 92' lang='lat' dir='ltr'><strong>iu</strong></span> 
     </span>
     <span class='ocr_line' id='line_1_32' title="bbox 416 3563 1369 3651; baseline 0.006 -25"><span class='ocrx_word' id='word_1_211' title='bbox 416 3584 521 3628; x_wconf 90' lang='lat' dir='ltr'><strong>manu</strong></span> <span class='ocrx_word' id='word_1_212' title='bbox 547 3563 682 3629; x_wconf 91' lang='lat' dir='ltr'><strong>hastam</strong></span> <span class='ocrx_word' id='word_1_213' title='bbox 707 3565 860 3651; x_wconf 84' lang='lat' dir='ltr'><strong>regiam,¹</strong></span> <span class='ocrx_word' id='word_1_214' title='bbox 880 3565 980 3649; x_wconf 90' lang='lat' dir='ltr'><strong>cujus</strong></span> <span class='ocrx_word' id='word_1_215' title='bbox 1010 3566 1152 3648; x_wconf 88' lang='lat' dir='ltr'><strong>cuspide</strong></span> <span class='ocrx_word' id='word_1_216' title='bbox 1176 3568 1213 3629; x_wconf 90' lang='lat' dir='ltr'><strong>iu</strong></span> <span class='ocrx_word' id='word_1_217' title='bbox 1237 3574 1369 3633; x_wconf 88' lang='lat' dir='ltr'><strong>terram</strong></span> 
     </span>
     <span class='ocr_line' id='line_1_33' title="bbox 417 3666 1369 3751; baseline 0.007 -25"><span class='ocrx_word' id='word_1_218' title='bbox 417 3672 531 3729; x_wconf 88' lang='lat' dir='ltr'><strong>tracta</strong></span> <span class='ocrx_word' id='word_1_219' title='bbox 552 3667 641 3728; x_wconf 90' lang='lat' dir='ltr'><strong>muri</strong></span> <span class='ocrx_word' id='word_1_220' title='bbox 664 3666 858 3729; x_wconf 84' lang='lat' dir='ltr'><strong>scribentur</strong></span> <span class='ocrx_word' id='word_1_221' title='bbox 876 3666 1036 3747; x_wconf 88' lang='lat' dir='ltr'><strong>vestigia.</strong></span> <span class='ocrx_word' id='word_1_222' title='bbox 1089 3666 1260 3730; x_wconf 87' lang='lat' dir='ltr'><strong>Consules</strong></span> <span class='ocrx_word' id='word_1_223' title='bbox 1282 3688 1369 3751; x_wconf 91' lang='lat' dir='ltr'><strong>ergo</strong></span> 
     </span>
    </p>
   </div>
   <div class='ocr_carea' id='block_1_4' title="bbox 416 3936 1376 4361">
    <p class='ocr_par' dir='ltr' id='par_1_4' title="bbox 416 3936 1376 4361">
     <span class='ocr_line' id='line_1_34' title="bbox 451 3936 1371 4005; baseline 0.007 -16"><span class='ocrx_word' id='word_1_224' title='bbox 451 3939 500 3989; x_wconf 78' lang='grc' dir='ltr'><strong>1Ι11</strong></span> <span class='ocrx_word' id='word_1_225' title='bbox 508 3941 570 3989; x_wconf 84' lang='lat' dir='ltr'><strong>libro</strong></span> <span class='ocrx_word' id='word_1_226' title='bbox 578 3940 617 3988; x_wconf 86' lang='lat' dir='ltr'><strong>De</strong></span> <span class='ocrx_word' id='word_1_227' title='bbox 627 3939 801 4003; x_wconf 77' lang='lat' dir='ltr'><strong>Virginitate]</strong></span> <span class='ocrx_word' id='word_1_228' title='bbox 814 3941 878 4001; x_wconf 85' lang='lat' dir='ltr'><strong>Cep.</strong></span> <span class='ocrx_word' id='word_1_229' title='bbox 891 3936 960 3990; x_wconf 74' lang='lat' dir='ltr'><strong>lwas</strong></span> <span class='ocrx_word' id='word_1_230' title='bbox 970 3943 1088 3991; x_wconf 85' lang='lat' dir='ltr'><strong>invented</strong></span> <span class='ocrx_word' id='word_1_231' title='bbox 1102 3944 1129 3990; x_wconf 89' lang='lat' dir='ltr'><strong>in</strong></span> <span class='ocrx_word' id='word_1_232' title='bbox 1146 3943 1189 3991; x_wconf 89' lang='lat' dir='ltr'><strong>the</strong></span> <span class='ocrx_word' id='word_1_233' title='bbox 1206 3944 1295 4005; x_wconf 86' lang='lat' dir='ltr'><strong>eighth</strong></span> <span class='ocrx_word' id='word_1_234' title='bbox 1312 3961 1371 3995; x_wconf 89' lang='lat' dir='ltr'><strong>cen·</strong></span> 
     </span>
     <span class='ocr_line' id='line_1_35' title="bbox 416 4009 1370 4073; baseline 0.005 -12"><span class='ocrx_word' id='word_1_235' title='bbox 416 4026 476 4063; x_wconf 84' lang='lat' dir='ltr'><strong>xxv.</strong></span> <span class='ocrx_word' id='word_1_236' title='bbox 489 4013 550 4063; x_wconf 89' lang='lat' dir='ltr'><strong>edit.</strong></span> <span class='ocrx_word' id='word_1_237' title='bbox 562 4011 692 4059; x_wconf 85' lang='lat' dir='ltr'><strong>Wharton.</strong></span> <span class='ocrx_word' id='word_1_238' title='bbox 718 4012 765 4061; x_wconf 91' lang='lat' dir='ltr'><strong>See</strong></span> <span class='ocrx_word' id='word_1_239' title='bbox 784 4017 842 4060; x_wconf 88' lang='lat' dir='ltr'><strong>note</strong></span> <span class='ocrx_word' id='word_1_240' title='bbox 861 4009 879 4072; x_wconf 93' lang='lat'><strong>¹,</strong></span> <span class='ocrx_word' id='word_1_241' title='bbox 904 4019 971 4073; x_wconf 84' lang='lat' dir='ltr'><strong>tury.</strong></span> <span class='ocrx_word' id='word_1_242' title='bbox 1007 4013 1051 4061; x_wconf 91' lang='lat' dir='ltr'><strong>He</strong></span> <span class='ocrx_word' id='word_1_243' title='bbox 1072 4027 1153 4063; x_wconf 85' lang='lat' dir='ltr'><strong>seems</strong></span> <span class='ocrx_word' id='word_1_244' title='bbox 1175 4019 1201 4061; x_wconf 90' lang='lat' dir='ltr'><strong>to</strong></span> <span class='ocrx_word' id='word_1_245' title='bbox 1222 4015 1288 4065; x_wconf 80' lang='lat' dir='ltr'><strong>have</strong></span> <span class='ocrx_word' id='word_1_246' title='bbox 1305 4018 1370 4066; x_wconf 88' lang='lat' dir='ltr'><strong>been</strong></span> 
     </span>
     <span class='ocr_line' id='line_1_36' title="bbox 416 4083 1376 4148; baseline 0.014 -25"><span class='ocrx_word' id='word_1_247' title='bbox 416 4098 442 4143; x_wconf 85' lang='lat' dir='ltr'><strong>p,</strong></span> <span class='ocrx_word' id='word_1_248' title='bbox 455 4086 497 4131; x_wconf 85' lang='grc'><strong>44,</strong></span> <span class='ocrx_word' id='word_1_249' title='bbox 904 4083 1022 4143; x_wconf 85' lang='lat' dir='ltr'><strong>baptized</strong></span> <span class='ocrx_word' id='word_1_250' title='bbox 1034 4084 1085 4131; x_wconf 90' lang='lat' dir='ltr'><strong>and</strong></span> <span class='ocrx_word' id='word_1_251' title='bbox 1095 4084 1213 4132; x_wconf 85' lang='lat' dir='ltr'><strong>received</strong></span> <span class='ocrx_word' id='word_1_252' title='bbox 1229 4085 1272 4133; x_wconf 92' lang='lat' dir='ltr'><strong>the</strong></span> <span class='ocrx_word' id='word_1_253' title='bbox 1289 4088 1376 4148; x_wconf 84' lang='lat' dir='ltr'><strong>impo-¹</strong></span> 
     </span>
     <span class='ocr_line' id='line_1_37' title="bbox 420 4148 1369 4213; baseline 0.006 -14"><span class='ocrx_word' id='word_1_254' title='bbox 420 4187 422 4191; x_wconf 84' lang='lat'>-</span> <span class='ocrx_word' id='word_1_255' title='bbox 451 4148 648 4213; x_wconf 79' lang='lat' dir='ltr'><strong>²Discipulam.]</strong></span> <span class='ocrx_word' id='word_1_256' title='bbox 672 4150 726 4198; x_wconf 85' lang='lat' dir='ltr'><strong>The</strong></span> <span class='ocrx_word' id='word_1_257' title='bbox 744 4150 882 4212; x_wconf 78' lang='lat' dir='ltr'><strong>legendos</strong></span> <span class='ocrx_word' id='word_1_258' title='bbox 904 4154 979 4201; x_wconf 90' lang='lat' dir='ltr'><strong>sition</strong></span> <span class='ocrx_word' id='word_1_259' title='bbox 994 4152 1023 4201; x_wconf 83' lang='lat' dir='ltr'><strong>of</strong></span> <span class='ocrx_word' id='word_1_260' title='bbox 1035 4154 1117 4202; x_wconf 83' lang='lat' dir='ltr'><strong>hands</strong></span> <span class='ocrx_word' id='word_1_261' title='bbox 1131 4154 1170 4201; x_wconf 86' lang='lat' dir='ltr'><strong>for</strong></span> <span class='ocrx_word' id='word_1_262' title='bbox 1183 4154 1225 4203; x_wconf 87' lang='lat' dir='ltr'><strong>the</strong></span> <span class='ocrx_word' id='word_1_263' title='bbox 1241 4156 1296 4204; x_wconf 87' lang='lat' dir='ltr'><strong>first</strong></span> <span class='ocrx_word' id='word_1_264' title='bbox 1306 4158 1369 4207; x_wconf 90' lang='lat' dir='ltr'><strong>time</strong></span> 
     </span>
     <span class='ocr_line' id='line_1_38' title="bbox 417 4221 1370 4291; baseline 0.008 -21"><span class='ocrx_word' id='word_1_265' title='bbox 417 4222 601 4270; x_wconf 85' lang='lat' dir='ltr'><strong>Constantine&#39;s</strong></span> <span class='ocrx_word' id='word_1_266' title='bbox 620 4221 730 4281; x_wconf 87' lang='lat' dir='ltr'><strong>baptism</strong></span> <span class='ocrx_word' id='word_1_267' title='bbox 753 4225 780 4269; x_wconf 89' lang='lat' dir='ltr'><strong>at</strong></span> <span class='ocrx_word' id='word_1_268' title='bbox 798 4222 876 4269; x_wconf 89' lang='lat' dir='ltr'><strong>Rome</strong></span> <span class='ocrx_word' id='word_1_269' title='bbox 903 4222 996 4284; x_wconf 84' lang='lat' dir='ltr'><strong>during</strong></span> <span class='ocrx_word' id='word_1_270' title='bbox 1015 4223 1055 4271; x_wconf 90' lang='lat' dir='ltr'><strong>his</strong></span> <span class='ocrx_word' id='word_1_271' title='bbox 1071 4225 1121 4271; x_wconf 86' lang='lat' dir='ltr'><strong>last</strong></span> <span class='ocrx_word' id='word_1_272' title='bbox 1137 4225 1233 4273; x_wconf 86' lang='lat' dir='ltr'><strong>illness.</strong></span> <span class='ocrx_word' id='word_1_273' title='bbox 1257 4226 1370 4291; x_wconf 86' lang='lat' dir='ltr'><strong>(Euseb.</strong></span> 
     </span>
     <span class='ocr_line' id='line_1_39' title="bbox 417 4290 1343 4361; baseline 0.003 -20"><span class='ocrx_word' id='word_1_274' title='bbox 417 4293 523 4341; x_wconf 85' lang='lat' dir='ltr'><strong>thirteen</strong></span> <span class='ocrx_word' id='word_1_275' title='bbox 543 4306 616 4352; x_wconf 85' lang='lat' dir='ltr'><strong>years</strong></span> <span class='ocrx_word' id='word_1_276' title='bbox 635 4290 720 4339; x_wconf 89' lang='lat' dir='ltr'><strong>before</strong></span> <span class='ocrx_word' id='word_1_277' title='bbox 738 4292 779 4339; x_wconf 88' lang='lat' dir='ltr'><strong>his</strong></span> <span class='ocrx_word' id='word_1_278' title='bbox 800 4291 876 4340; x_wconf 85' lang='lat' dir='ltr'><strong>death</strong></span> <span class='ocrx_word' id='word_1_279' title='bbox 903 4294 929 4340; x_wconf 94' lang='lat' dir='ltr'><strong>in</strong></span> <span class='ocrx_word' id='word_1_280' title='bbox 941 4294 993 4343; x_wconf 84' lang='lat' dir='ltr'><strong>Vit.</strong></span> <span class='ocrx_word' id='word_1_281' title='bbox 1005 4294 1135 4343; x_wconf 87' lang='lat' dir='ltr'><strong>Constant.</strong></span> <span class='ocrx_word' id='word_1_282' title='bbox 1147 4296 1192 4344; x_wconf 86' lang='lat' dir='ltr'><strong>lib.</strong></span> <span class='ocrx_word' id='word_1_283' title='bbox 1206 4308 1239 4345; x_wconf 84' lang='grc' dir='ltr'><strong>ιν.</strong></span> <span class='ocrx_word' id='word_1_284' title='bbox 1252 4311 1275 4347; x_wconf 84' lang='lat' dir='ltr'><strong>c.</strong></span> <span class='ocrx_word' id='word_1_285' title='bbox 1287 4296 1343 4361; x_wconf 85' lang='lat'><strong>61.)</strong></span> 
     </span>
    </p>
   </div>
   <div class='ocr_carea' id='block_1_5' title="bbox 0 0 1562 5050">
    <p class='ocr_par' dir='ltr' id='par_1_5' title="bbox 0 0 1562 5050">
     <span class='ocr_line' id='line_1_40' title="bbox 0 0 1562 5050; baseline 0 0"><span class='ocrx_word' id='word_1_286' title='bbox 0 0 1562 5050; x_wconf 95' lang='lat' dir='ltr'><strong> </strong></span> 
     </span>
    </p>
   </div>
  </div>
 </body>
</html>
