3100 5050
270 2786 326 2831 Δ-Ι).
337 2788 394 2827 1119,

423 495 489 560 652
637 509 752 560 casus
775 509 903 561 nncun
926 509 1141 560 lucrosus.
1232 496 1322 578 [nin.
1338 511 1374 557 v.

425 687 505 734 narn
523 677 558 734 et
575 671 620 749 ei,
634 670 787 736 vixdum
800 669 979 736 duodecim
996 687 1166 734 annorum
1181 674 1286 745 essct,
1301 687 1377 732 om-

426 788 487 834 nes
503 770 602 835 liberi
619 771 774 836 homines
789 769 930 853 Angliae
953 778 989 836 et
1005 768 1242 845 Normanniae,
1256 767 1375 851 cujus-

426 888 561 953 cunque
580 870 709 936 ordinis
725 877 761 935 et
778 870 972 952 dignitatis,
994 869 1230 954 cujuscunque
1243 867 1375 932 domini

427 969 557 1048 fideles,
579 972 738 1035 manibus
759 977 796 1036 et
817 977 1036 1035 sacramento
1057 989 1096 1034 se
1114 969 1240 1032 dedere
1261 967 1377 1032 coacti

428 1077 520 1135 sunt.
574 1070 699 1136 Filiam
716 1089 854 1154 quoque
870 1070 1035 1135 Falconis
1057 1069 1194 1133 comitis
1209 1065 1377 1150 Andega-

427 1171 545 1235 vensis
559 1169 620 1235 vix
635 1156 788 1236 nubilem
801 1171 878 1254 ipse
891 1170 998 1235 etiam
1010 1168 1161 1252 impubis
1175 1161 1379 1250 ¹despondit

429 1277 465 1335 et
480 1271 627 1354 accepit,
645 1269 728 1337 dato
744 1271 811 1335 sibi
825 1289 849 1334 a
861 1289 982 1335 socero
998 1269 1165 1334 comitatu
1181 1266 1379 1332 Cenoman-

428 1371 507 1435 nico
530 1390 594 1454 pro
619 1390 761 1435 munere
784 1370 993 1453 sponsalicio
1005 1389 1014 1434 ε
1028 1360 1123 1453 'quin
1143 1375 1180 1432 et
1201 1367 1378 1453 lerosoly-

428 1489 520 1535 mam
537 1470 646 1535 Fulco
667 1471 719 1536 ire
737 1470 961 1548 contendens,
975 1469 1179 1534 comitatum
1201 1485 1378 1531 commen-

429 1569 527 1634 davit
549 1570 623 1653 regi
650 1589 764 1648 suum,
789 1571 820 1635 si
844 1563 1014 1650 'viveret3
1044 1568 1200 1634 futurum
1221 1566 1379 1651 profecto

430 1671 560 1752 generi,
587 1671 618 1734 si
643 1691 713 1735 non
736 1670 876 1736 rediret.
928 1669 1054 1734 Plures
1081 1689 1165 1751 ergo
1189 1667 1380 1752 provinciae

430 1771 636 1853 spectabant
652 1778 775 1837 nutum
791 1770 901 1854 pueri,
918 1769 1177 1852 putabaturque
1199 1767 1293 1851 regis
1309 1767 1382 1830 Ed·

430 1870 540 1934 wardi
554 1870 756 1936 vaticinium
774 1871 811 1934 in
833 1890 875 1935 eo
897 1869 1161 1953 complendum3
1187 1867 1382 1932 ferebatur·

430 1989 498 2052 que
524 1990 603 2053 spes
619 1968 769 2054 Angliae,
785 1963 905 2035 ³modo
931 1969 1064 2034 arboris
1087 1969 1236 2045 succisa,
1255 1967 1292 2030 in
1318 1967 1380 2031 illc

424 2069 615 2152 juvenculo
628 2071 755 2135 iterum
770 2069 914 2135 floribus
936 2071 1133 2153 pubescere,
1148 2067 1283 2133 fructus
1297 2085 1381 2150 pro·

431 2169 581 2249 trudere,
608 2178 644 2235 et
669 2170 747 2235 ideo
781 2170 885 2234 finem
909 2170 1077 2234 malorum
1105 2167 1238 2252 sperari
1264 2187 1381 2251 posse.

431 2268 509 2334 Deo
532 2271 634 2336 aliter
648 2271 783 2349 visum3
806 2268 1044 2354 hujuscemodi
1066 2269 1158 2333 enim
1182 2268 1380 2351 opinionem

433 2369 588 2434 tulerunt
603 2389 709 2449 aurae,
737 2370 831 2453 quod
853 2389 932 2434 cum
954 2369 1114 2453 proxima
1135 2368 1209 2432 dies
1233 2367 1383 2450 urgebat

433 2469 507 2535 fato
538 2469 749 2536 satisfacere.
802 2470 988 2536 Enimvero
1019 2487 1138 2534 socero
1169 2475 1252 2533 tunc
1282 2468 1383 2533 anni·

434 2578 541 2648 tente,
556 2570 727 2654 simulque
736 2570 932 2636 Thelbaldo
944 2569 1017 2634 filio
1031 2569 1200 2653 Stephani
1212 2577 1249 2632 et
1258 2566 1382 2633 Adalm

434 2671 563 2750 amitae,
595 2670 803 2736 Lodowicus
837 2690 901 2735 rex
939 2670 1097 2735 Franciae
1130 2669 1383 2733 Normanniam

434 2771 606 2835 concessit
622 2791 741 2854 puero,
759 2778 800 2835 ut
813 2771 907 2837 facto
928 2771 994 2835 sibi
1016 2769 1170 2835 hominio
1191 2766 1385 2852 possideret

435 2888 511 2935 eam
534 2871 615 2955 jure
638 2872 817 2953 legitimo:
841 2872 1025 2937 ordinabat
1049 2869 1125 2934 haec
1149 2877 1185 2933 et
1212 2866 1384 2933 efficiebat

434 2971 693 3055 prudentissimi
724 2972 834 3054 patris
871 2968 1067 3054 prudentia,
1102 2976 1143 3033 ut
1180 2969 1383 3046 hominium,

433 3072 527 3155 quod
555 3072 629 3155 ipse
653 3091 717 3154 pro
740 3071 890 3135 culmine
914 3070 1049 3154 imperii
1068 3069 1243 3134 fastidiret
1256 3068 1384 3146 facere,

434 3171 527 3235 lilius
544 3170 724 3249 delicatus,
741 3177 778 3235 et
798 3172 859 3254 qui
880 3172 1070 3254 putabatur
1085 3169 1178 3233 viam
1200 3168 1309 3232 seculi
1331 3169 1384 3231 iu-

434 3290 629 3352 gressurus,
646 3290 716 3335 nou
737 3278 923 3338 recusaret.
977 3269 1047 3334 His
1066 3268 1241 3351 agitandis
1254 3275 1291 3332 ct
1307 3268 1384 3352 pla·

435 3370 505 3434 cita
538 3370 722 3434 concordia
759 3368 1005 3454 componendis
1033 3376 1184 3453 quatuor
1215 3388 1385 3432 annorum

433 3476 570 3553 tempus
604 3490 666 3533 rex
690 3470 871 3553 impendit,
902 3470 940 3534 in
966 3469 1184 3535 Normannia
1211 3474 1287 3532 toto
1317 3468 1384 3533 boc

432 3576 588 3653 tempore
613 3577 780 3635 moratus.
832 3569 1072 3635 Veruntamen
1096 3575 1168 3632 tam
1192 3567 1384 3651 splendidae

429 3677 469 3735 et
486 3670 694 3752 excogitata
716 3670 815 3753 pacis
837 3689 1009 3748 serenum,
1035 3676 1107 3733 tam
1127 3666 1279 3733 omnium
1304 3686 1386 3752 spes

430 3893 517 3943 fuerat
533 3894 709 3956 comminatus,
717 3893 798 3955 quod,
813 3894 836 3942 si
852 3894 899 3943 ali·
922 3893 1049 3956 daughter
1065 3893 1095 3943 of
1112 3894 1156 3943 the
1175 3894 1229 3943 earl
1247 3894 1278 3943 of
1291 3894 1388 3959 Anjou,

431 3964 899 4025 quaudosupereosrepnaretiaceret
922 3978 990 4013 were
1012 3964 1156 4014 celebrated
1177 3964 1204 4011 in
1222 3964 1293 4014 June
1313 3969 1387 4028 1119,

431 4048 476 4082 eos
497 4034 531 4083 ad
560 4039 673 4083 manum
700 4033 800 4082 trahem
821 4035 897 4095 quasi
922 4034 1007 4083 before
1018 4033 1334 4085 tbccounciloillbeims.

430 4104 525 4153 boves:
549 4104 594 4152 sed
604 4118 651 4165 sps
669 4104 897 4152 suanhoruscabili
956 4101 967 4130 ¹
982 4103 1102 4167 Vicerat]
1118 4103 1153 4155 A.
1173 4104 1204 4154 G.
1222 4103 1259 4153 D.
1275 4105 1327 4166 E.;
1344 4120 1386 4156 ve·

432 4173 483 4222 Dei
495 4174 609 4224 vindicta
619 4188 677 4222 cnm
689 4173 748 4222 aliis
758 4173 886 4233 deperiit’
920 4173 995 4234 niret,
1007 4173 1036 4222 S.
1046 4174 1100 4223 Li.

468 4240 651 4309 ¹Despcudit.]
668 4243 722 4291 The
741 4242 854 4304 nuptiale
870 4243 900 4290 ci
955 4241 1057 4293 ³Modc
1075 4242 1170 4293 arbom
1197 4244 1313 4308 aarum]
1337 4245 1384 4295 See

431 4314 525 4364 Prince
548 4314 660 4373 Willjam
684 4314 747 4367 with
775 4313 895 4374 Mutiida,
907 4373 909 4381 Ι
919 4311 932 4373 l
944 4317 1002 4374 aad,
1013 4329 1039 4375 p.
1051 4317 1108 4364 ³81.
