3100 5050
417 526 483 590 570
632 540 746 590 cnsrn
769 539 897 590 nncuu
921 539 1137 589 ancnonuu.
1219 525 1307 608 [mn.
1324 541 1373 588 ιν.

261 701 479 766 nutuorndiu
500 707 687 783 conceptas
709 701 747 764 in
774 699 928 764 Francos
947 700 1019 763 iras
1043 699 1252 781 parturiens,
1276 699 1371 763 misit

260 775 327 813 “¹⁰²
422 802 544 865 ducem
570 801 705 864 militiae
728 800 789 884 qui
814 817 874 864 eos
899 799 944 864 de
966 819 1087 881 regno,
1111 807 1151 863 ut
1173 799 1368 878 dictitabat,

424 921 489 966 suo
503 895 733 985 ¹propelleret.
774 899 854 978 Ille,
864 907 1039 984 praecepta
1051 906 1230 963 maturans
1240 901 1374 977 munia,

424 1021 505 1065 cum
536 1001 692 1066 audisset
725 1009 863 1084 captam
895 999 1097 1078 Ierusalem,
1131 999 1256 1082 majori
1289 1020 1375 1064 cura

425 1101 620 1166 stimulavit
643 1102 835 1182 negotium,
856 1119 1054 1183 quanquam
1081 1108 1162 1164 ante
1185 1100 1270 1163 nihil
1294 1119 1375 1182 seg·

426 1202 523 1265 nitiei
551 1201 758 1266 admisisset.
812 1200 966 1283 Eratque
998 1201 1147 1265 barbaro
1175 1201 1311 1264 animus
1334 1209 1375 1264 ut

428 1302 644 1367 Christianos
661 1302 697 1364 in
713 1302 904 1366 Ierusalem
925 1300 1097 1365 obsideret
1112 1321 1120 1380 ;
1140 1307 1186 1378 et,
1204 1307 1285 1384 post
1302 1302 1377 1365 vic-

427 1403 552 1467 toriam
578 1421 681 1485 quam
703 1401 778 1486 jam
804 1408 918 1465 mente
946 1401 1143 1465 somniabat
1166 1400 1257 1464 falso
1287 1421 1378 1484 prae-

427 1522 546 1584 sagus,
563 1499 783 1584 sepulchrum
802 1501 944 1566 Domini
966 1519 988 1564 a
1009 1499 1116 1564 fundo
1139 1508 1275 1564 erutum
1290 1500 1377 1564 dilu-

429 1602 572 1687 pidaret.
614 1601 749 1679 Nostri,
766 1603 827 1684 qui
844 1601 927 1665 nihil
941 1601 1055 1664 minus
1069 1600 1253 1682 diligerent
1269 1619 1376 1683 quarn
1469 1631 1472 1638 ·

428 1702 612 1768 obsidiales
639 1721 811 1766 aerumnas
841 1701 954 1765 denuo
979 1695 1143 1784 ²perpeti,
1169 1707 1311 1784 sumpta
1332 1721 1380 1765 ex

429 1802 497 1867 Dei
521 1811 620 1885 parte
648 1801 807 1880 audacia,
835 1821 880 1866 ex
906 1802 991 1866 urbe
1018 1821 1139 1865 versus
1166 1798 1379 1866 Ascalonem

428 1902 611 1987 prodeunt,
625 1903 729 1967 obvia
743 1903 901 1967 hostibus
915 1901 1101 1966 inferentes
1118 1908 1278 1984 pectora3
1296 1922 1380 1985 por·

429 2003 620 2086 tabantque
641 2023 758 2067 secum
783 2011 918 2087 partem
946 2001 1121 2066 Dominici
1147 2001 1245 2084 ligni,
1270 2022 1381 2085 quam

429 2103 569 2185 quidam
591 2103 700 2187 Syrus
725 2104 813 2168 civis
839 2103 1148 2186 lerosolymitanus
1176 2103 1272 2166 avita
1297 2123 1381 2167 suc·

428 2205 584 2268 cessione
606 2203 699 2267 domi
727 2203 935 2269 custoditam
965 2203 1222 2287 propalaverat.
1275 2203 1382 2266 Felix

430 2304 534 2387 plane
559 2312 595 2368 et
621 2304 720 2368 lidele
743 2304 886 2381 lurtum,
915 2313 953 2366 ut
977 2310 1052 2368 toto
1077 2310 1232 2385 tempore
1252 2301 1383 2368 Turcis

430 2404 602 2468 celaretur
629 2406 852 2488 mysterium!
906 2402 1089 2486 Ingentem
1112 2422 1195 2485 ergo
1223 2403 1382 2487 praedam

430 2523 593 2588 pecorum
624 2514 659 2570 et
690 2505 859 2589 pecudum
888 2497 1006 2569 ³secus
1031 2501 1240 2569 Ascalonem
1272 2504 1384 2583 nacti,

431 2606 592 2686 generale
612 2612 867 2689 proposuerunt
888 2606 1037 2669 edictum
1060 2614 1100 2668 ut
1116 2606 1232 2669 omnia
1253 2606 1289 2668 in
1316 2624 1384 2687 pa-

431 2705 517 2769 tulis
537 2707 669 2788 campis
692 2706 937 2789 relinquerent,
953 2725 996 2768 ne
1017 2712 1156 2788 postero
1172 2724 1273 2769 mane
1289 2724 1384 2788 pug-

431 2805 566 2869 naturls
595 2805 840 2889 impedimento
866 2805 1000 2869 forent:
1029 2807 1116 2869 satis
1143 2825 1315 2889 superque
1340 2825 1383 2870 se

430 2905 584 2987 praedam
610 2905 789 2971 habituros
814 2907 844 2969 si
855 2906 1043 2983 vincerent,
1065 2905 1249 2970 dnmmodo
1270 2926 1383 2988 expe-

431 3005 496 3070 diti
512 3005 647 3070 divinas
663 3006 910 3071 ulciscerentur
924 3006 1080 3089 injurias.
1133 3006 1258 3088 Itaque
1276 3024 1383 3071 mane

426 3106 501 3189 jam
532 3108 686 3171 exercitu
709 3100 930 3190 *prodeunte
952 3106 1100 3183 videres,
1123 3125 1249 3189 supero
1273 3106 1380 3171 credo

429 3206 609 3282 instinctu,
634 3208 795 3271 cornibus
818 3207 940 3271 erectis
972 3225 1097 3289 pecora
1120 3206 1286 3271 lateribus
1313 3208 1381 3270 rni-

428 3306 529 3370 litum
545 3307 815 3384 obambulantia,
833 3325 895 3370 nec
917 3306 989 3370 ulla
1010 3325 1111 3389 posse
1133 3306 1225 3388 abigi
1243 3308 1379 3371 violen-

429 3407 497 3471 tia:
523 3406 615 3489 quod
641 3409 775 3471 omlnus
790 3405 908 3470 hostes
934 3407 1063 3483 intuiti,
1078 3414 1113 3471 et
1128 3406 1299 3471 solaribus
1322 3428 1382 3472 ra-

428 3504 495 3570 diis
509 3508 606 3572 visus
621 3507 785 3584 hebetati,
802 3508 925 3571 animis
940 3514 1021 3571 ante
1037 3506 1192 3589 praelium
1216 3508 1378 3571 concide-

426 3613 520 3684 runt,
552 3607 644 3690 quod
672 3609 850 3671 crederent
876 3606 1089 3671 innumeram
1112 3627 1187 3671 esse
1213 3608 1380 3673 adversa·

426 3707 554 3770 riorum
576 3727 736 3787 manum;
761 3707 921 3790 quamvis
943 3708 1029 3789 ipsis
1046 3728 1115 3771 non
1134 3707 1269 3772 deesset
1285 3709 1379 3773 mili—

426 3806 512 3870 taris
537 3809 637 3890 copia
663 3809 773 3872 multo
801 3808 967 3871 exercitio
991 3808 1034 3870 ad
1059 3808 1217 3889 praelium
1243 3828 1381 3891 praepa·

424 3914 512 3970 rata.
567 3906 713 3972 Lentius
736 3909 853 3990 itaque
881 3908 1119 3989 procedentes,
1139 3908 1303 3986 FrancoS,
1328 3909 1381 3974 bi·

458 4136 466 4167 ¹
479 4139 650 4204 Propellerat]
670 4141 699 4192 S.
711 4141 745 4190 D.
759 4142 809 4201 E.;
825 4155 883 4203 per·
945 4140 1063 4201 ³Secua]
1087 4143 1117 4192 C.
1133 4143 1167 4193 D.
1180 4145 1212 4192 Ε.
1224 4160 1232 4204 3
1242 4145 1330 4206 juxta,
1342 4144 1378 4194 Δ.
1538 4162 1539 4183 l

420 4210 542 4270 turbaret,
553 4212 583 4259 L.
911 4212 940 4261 S.
952 4214 984 4261 L.

456 4276 601 4343 'Perpeti.]
620 4281 648 4331 S.
671 4283 700 4331 G.
718 4282 753 4330 D.
771 4283 821 4341 E.;
839 4297 884 4330 ex·
945 4281 955 4311 ⁴
975 4283 1135 4345 Prudentem]
1160 4284 1188 4333 S.
1214 4285 1244 4333 C.
1268 4282 1303 4333 D.
1324 4284 1377 4345 E.;

419 4350 506 4411 periri,
516 4349 550 4399 A.
562 4352 593 4400 L.
909 4354 1071 4415 procedente,
1082 4351 1115 4403 A.
1128 4354 1159 4402 L.
