3100 5050
159 508 228 554 me.
246 488 316 570 uu]
393 504 507 553 casm
531 505 658 553 necuit
682 505 895 555 nucuonuu.
1045 490 1111 556 481

160 661 269 739 mihi,'
294 661 395 740 dixit,
427 663 618 728 ‘faciemus
646 665 715 730 Dei
751 664 943 742 servitium,
972 671 1113 748 etpost

160 762 371 844 agitabimus
385 763 562 828 bominum
578 765 752 847 litigium!
793 765 895 829 Hora
905 764 1013 846 igitur
1029 784 1112 829 can-

160 869 249 940 tata,
267 863 364 926 nulla
379 865 581 946 excogitata
597 864 676 929 falsi
694 864 993 946 tergiversatione,
1015 865 1113 928 nullo

163 969 397 1028 commentato
406 964 480 1027 veri
495 964 688 1046 splendore,
707 965 888 1029 confestim
905 964 1021 1028 aulam
1033 984 1114 1029 con-

162 1061 234 1125 cilii
262 1062 397 1144 ingredi
424 1064 602 1146 pergebat.
648 1063 728 1128 Suis
754 1083 834 1128 eum
857 1065 1005 1128 retinere
1037 1071 1113 1128 ten-

162 1162 319 1225 tantibus
345 1162 546 1244 persuaderi
570 1183 640 1227 non
670 1164 798 1247 potuit,
826 1165 909 1247 quin
933 1164 1050 1246 potius
1073 1165 1115 1227 ti-

162 1262 336 1324 mentibus
351 1281 486 1326 causae:
503 1268 513 1296 ‘
529 1262 600 1327 Pro
618 1263 736 1340 certo,'
753 1265 815 1340 ait,
831 1264 1019 1327 ‘noveritis
1033 1263 1116 1328 visi-

161 1361 279 1425 biliter
293 1381 348 1424 me
368 1361 423 1425 bic
439 1361 556 1427 videre
577 1364 698 1428 beatos
717 1364 995 1446 archiepiscopos
1017 1363 1117 1426 Dun-

162 1468 305 1525 stanum
328 1460 615 1527 Cantuariensem
637 1469 673 1527 et
694 1461 896 1527 Oswaldum
919 1462 1116 1526 Eboracen-

162 1581 250 1638 sem,
266 1561 326 1643 qui
339 1561 452 1639 hodie,
466 1563 539 1626 suis
560 1582 615 1626 me
637 1563 798 1645 precibus
820 1569 971 1639 tuentes,
984 1561 1118 1626 falsilo-

163 1679 313 1743 quorum
345 1678 489 1724 acumen
516 1662 751 1726 bebetabunt.’
813 1656 872 1726 Ita
902 1661 986 1725 data
1013 1663 1117 1725 bene-

164 1759 317 1825 dictione
346 1761 527 1838 monacho,
552 1762 704 1826 minimae
733 1760 905 1826 facundiae
937 1761 1026 1839 viro,
1056 1761 1118 1825 sed

165 1858 414 1924 Normannicae
443 1860 572 1943 linguae
600 1861 719 1938 sciolo,
741 1881 814 1925 rem
838 1879 1004 1943 perorans
1030 1861 1120 1925 obti-

164 1960 255 2036 nuit,
268 1966 309 2023 ut
323 1960 381 2041 qui
397 1979 471 2024 suae
484 1960 644 2024 dioecesis
658 1967 739 2024 ante
752 1960 917 2043 indignus
930 1962 1120 2042 putabatur

164 2058 345 2140 regimine,
372 2061 418 2123 ab
449 2059 707 2143 archiepiscopo
736 2059 885 2124 Eboraci
917 2061 1120 2142 suppliciter

164 2166 349 2240 rogaretur
363 2166 403 2223 ut
418 2179 500 2224 suas
515 2161 718 2242 dignaretur
732 2159 881 2224 lustrare
891 2152 1038 2241 ¹partes,
1049 2178 1119 2240 quo

164 2259 242 2342 ipse
263 2278 327 2341 pro
348 2259 471 2324 timore
485 2259 637 2324 bostium
653 2260 710 2325 vel
731 2260 898 2323 sermonis
922 2259 1121 2340 ignorantia

166 2358 317 2422 cavebat
332 2359 506 2423 accedere.

220 2457 238 2542 ᾗ
253 2457 330 2522 304.
341 2457 474 2522 Verum
490 2477 555 2541 ego
570 2477 639 2522 non
657 2458 803 2522 ulterius
812 2458 980 2522 lectorum
994 2475 1120 2539 expec-

165 2558 335 2623 tationem
358 2561 552 2637 macerabo,
568 2560 628 2641 qui
654 2559 729 2622 haec
750 2558 897 2622 forsitan
920 2576 991 2620 non
1012 2556 1120 2619 liben-

165 2666 221 2723 ter
235 2658 426 2736 intuentur,
457 2659 542 2743 quia
566 2666 667 2739 gesta
688 2658 856 2722 Willelmi
884 2674 1122 2721 successorum

166 2758 437 2841 praestolantur3
464 2758 635 2841 quamviS,
651 2756 786 2821 nisime
804 2758 930 2821 nimius
943 2774 1039 2819 amor
1055 2755 1123 2818 mei

167 2856 272 2935 fallit,
296 2856 383 2921 nulli
406 2859 612 2923 varietatem
637 2857 843 2921 relationum
871 2854 1123 2938 displicituram

167 2958 305 3043 opinor,
328 2956 395 3021 nisi
420 2958 451 3020 si
474 2958 554 3040 quis
582 2962 654 3019 tam
679 2955 818 3019 nubilus
843 2942 904 3021 est'
918 2961 958 3018 ut
976 2952 1122 3017 Catonis

167 3056 392 3139 supercilium
423 3048 613 3134 aemuletur.
671 3054 740 3119 Sed
771 3054 842 3119 alia
868 3056 905 3117 in
934 3060 1060 3135 quarto
1088 3058 1124 3115 et

167 3156 291 3238 quinto
323 3156 412 3223 libro
440 3156 500 3238 qui
525 3155 621 3219 volet
647 3155 856 3238 experietur,
884 3172 965 3216 nam
1000 3150 1123 3215 tertius

167 3254 324 3319 debitum
339 3256 498 3337 agnoscit
515 3248 683 3318 ²modum.

206 3492 342 3555 ¹Pcrtee.]
360 3492 407 3554 S.;
432 3490 537 3541 omitted
558 3490 584 3539 in
604 3489 637 3538 A.
663 3483 731 3537 dum’
743 3486 842 3537 follows
852 3486 895 3534 the
906 3484 1127 3546 dedieato'ryepis-

170 3566 201 3615 C.
214 3564 251 3613 D.
263 3564 295 3612 Ε.
308 3563 340 3612 L.
663 3558 698 3607 tle
709 3556 738 3607 of
752 3557 795 3605 the
807 3555 907 3605 Autbor
922 3560 947 3603 to
959 3555 1054 3604 Robert
1065 3554 1126 3602 Enrl

662 3627 692 3675 of
699 3626 860 3686 Gloucester,
871 3625 962 3685 placed
973 3628 1000 3673 at
1007 3624 1049 3673 the
1060 3637 1127 3672 oom-

206 3699 217 3733 ²
228 3694 354 3769 Modum]
367 3700 399 3749 In
408 3699 443 3750 D.
451 3700 485 3750 E.
496 3698 561 3748 after
571 3699 638 3746 ‘mo-
662 3699 818 3745 mencement
828 3695 857 3745 of
864 3694 963 3743 volume
974 3707 993 3744 1.
