3100 5050
442 494 509 560 558
659 507 773 556 casm
798 507 924 557 ancum
949 495 1163 557 succorum.
1242 493 1414 575 [marr.-

282 695 424 745 ssgsorrn-
442 693 521 739 cum
538 674 629 740 bello
646 672 821 738 infestatis
836 680 1006 738 cresceret
1020 672 1147 751 inedia,
1163 673 1279 737 inedia
1303 691 1395 736 sem-

443 795 506 857 per
531 769 753 858 ¹magnorum
780 794 895 840 comes
911 775 1037 860 prima
1063 773 1244 838 malorum.
1298 772 1396 851 Qua-

443 883 597 959 propter,
613 875 774 941 triduano
802 875 899 958 prius
924 893 1003 938 cum
1029 875 1168 938 letaniis
1195 880 1323 938 exacto
1342 872 1396 957 je-

438 975 552 1060 junio,
568 977 705 1059 legatus
722 969 869 1040 'Petrus
895 975 1062 1039 heremita
1077 975 1226 1040 mittitur
1240 974 1284 1038 ad
1302 973 1395 1037 Tur·
1530 1021 1531 1068 ,

441 1095 513 1141 cos.
567 1076 605 1141 Is
629 1075 792 1142 familiari
818 1077 884 1141 sibi
917 1076 1055 1159 eloquio
1088 1075 1158 1140 istu
1187 1081 1394 1158 prosecutus

441 1184 507 1254 est,
535 1185 576 1242 ut
604 1177 711 1241 Turci
734 1176 1014 1243 Christianorum
1047 1183 1171 1254 terras,
1197 1195 1285 1259 quas
1312 1175 1394 1238 olim

282 749 345 788 tiocb.

441 1284 669 1360 pervaserant
689 1276 854 1355 indebite,
880 1295 971 1341 nunc
999 1284 1170 1343 evacuent
1185 1275 1392 1342 voluntarie.

440 1376 583 1443 Justum
610 1395 698 1456 esse,
722 1385 763 1442 nt
789 1379 879 1442 sicut
905 1377 1095 1442 Christiani
1119 1397 1189 1441 non
1206 1372 1394 1442 ³infestant

441 1477 635 1558 Persidem,
650 1479 702 1543 ita
727 1479 834 1542 Turci
856 1497 927 1542 non
941 1471 1108 1560 ⁴urgeant
1131 1476 1266 1542 Asiam.
1304 1477 1392 1542 Pro-

439 1578 519 1642 inde
548 1585 612 1644 aut
640 1579 764 1643 libenti
786 1579 942 1643 discessu
968 1579 1125 1643 nativum
1151 1579 1264 1642 solum
1292 1597 1392 1662 repe·

438 1685 528 1756 tant,
545 1686 607 1743 aut
624 1698 726 1743 mane
740 1679 859 1744 futuro
874 1679 1003 1744 bellurn
1026 1685 1214 1763 expectent
1225 1681 1236 1759 '3
1261 1686 1391 1742 sortem

438 1798 501 1861 per
526 1779 614 1843 duos
642 1779 699 1844 vel
724 1787 877 1862 quatuor
898 1780 954 1845 vel
980 1787 1061 1844 octo
1086 1779 1324 1862 experiantur,
1351 1799 1393 1842 ne

437 1879 628 1961 periculum
644 1879 689 1944 ad
705 1886 818 1944 totum
835 1887 959 1962 vergat
973 1881 1174 1944 exercitum.

527 2071 701 2132 Quomodo
725 2073 938 2122 cunrsrmru
961 2072 1103 2121 roseos
1126 2071 1312 2120 vicenum.

274 2200 423 2242 natradis·
488 2179 505 2264 §
521 2181 597 2246 365.
623 2180 706 2246 Non
723 2189 799 2246 erat
818 2179 1041 2264 Corbaguatb
1061 2181 1137 2266 ejus
1154 2180 1336 2245 facilitatis
1353 2189 1392 2246 ut

272 2250 335 2290 Μ’
436 2280 591 2363 legatum
614 2281 818 2363 dignaretur
843 2301 1033 2366 respons03
1067 2282 1129 2347 sed
1159 2279 1314 2344 scacchis
1338 2282 1390 2346 lu·

437 2379 534 2460 dens,
566 2388 603 2445 et
631 2381 793 2446 dentibus
826 2380 1037 2460 infrendens,
1064 2383 1203 2446 inanem
1236 2381 1389 2447 dimisit:

437 2479 503 2547 boc
525 2488 662 2547 tantum
684 2483 790 2561 dicto,
807 2481 830 2547 J
833 2501 889 2547 am
910 2484 1163 2548 conclamatam
1185 2499 1261 2546 esse
1279 2482 1393 2548 Fran-

434 2600 552 2646 corum
576 2584 787 2666 superbiam.
840 2582 906 2648 Ille
929 2603 1068 2666 quoque
1090 2584 1225 2647 concite
1250 2582 1391 2648 rediens

435 2684 629 2748 exercitum
654 2684 697 2749 de
720 2683 906 2749 insolentia
931 2684 1038 2747 Turci
1063 2683 1245 2747 certiorem
1271 2682 1389 2748 reddi-

436 2781 499 2847 dit.
536 2783 638 2849 'lunc
648 2804 769 2849 omnes
781 2804 818 2848 se
834 2783 1037 2848 alterutrum
1055 2785 1262 2860 animantes,
1280 2784 1389 2847 etiam

434 2902 497 2965 per
520 2903 715 2966 praeconem
739 2884 891 2948 clamare
910 2883 1034 2962 fecere,
1058 2884 1264 2967 utquisque
1286 2891 1390 2949 nocte

434 2982 495 3046 illa
517 3004 607 3067 equo
632 3003 696 3049 suo
721 3002 912 3067 proposse
938 2984 1159 3065 praebendam
1181 2983 1388 3066 porrigeret,

435 3102 479 3145 ne
514 3085 673 3167 sequenti
702 3083 758 3148 die
790 3083 1057 3148 multiformibus
1089 3084 1185 3167 gyris
1216 3083 1387 3165 fatigatus

434 3182 606 3247 deficeret.
658 3183 809 3267 Jamque
832 3202 933 3247 mane
964 3184 1187 3261 inclaruerat,
1210 3202 1302 3261 cum,
1324 3204 1388 3267 per

434 3282 526 3345 acies
552 3284 725 3365 dispositi,
743 3284 882 3349 vexillis
908 3282 944 3345 in
967 3284 1101 3348 hostem
1121 3284 1256 3366 infestis
1282 3284 1386 3367 prod-

433 3389 529 3447 eunt.
596 3382 751 3447 Primam
782 3391 931 3448 turmam
955 3384 1087 3449 duxere
1121 3385 1190 3449 duo
1224 3384 1384 3464 Roberti,

433 3481 659 3547 Normannus
688 3491 723 3548 et
747 3484 984 3563 Flandrensis,
1012 3493 1048 3549 et
1073 3483 1183 3567 Hugo
1210 3502 1383 3567 magnus;

431 3584 619 3648 secundam
649 3583 724 3647 dux
754 3582 987 3664 Godefridus;
1025 3586 1165 3650 tertiam
1199 3585 1383 3657 Podiensis

464 3829 473 3864 ¹
485 3832 655 3896 Magnorum]
666 3832 700 3883 A.
713 3833 743 3883 S.
753 3835 783 3883 C.
795 3834 830 3883 D.
842 3835 891 3897 1..;
916 3836 1019 3885 oculum
1030 3835 1126 3885 habens
1137 3836 1312 3898 perspicacem
1327 3853 1384 3901 gra·

428 3902 613 3952 omittedinE.
916 3910 1030 3967 tumqn'e,
1041 3912 1067 3955 et
1082 3911 1171 3969 sponte
1191 3908 1272 3957 fluens
1289 3909 1313 3957 ei
1332 3924 1382 3959 non

462 3970 577 4022 2Ρεέηιιι
586 3972 703 4021 heremita
715 4006 722 4023 .
735 4008 742 4023 .
755 4007 762 4024 .
774 3974 803 4023 Is
813 3974 892 4033 semi·
915 3976 1002 4025 deerat
1012 3976 1159 4039 eloquium)

426 4042 485 4090 lieri
506 4043 556 4091 eibi
625 4042 666 4090 aio
685 4042 734 4091 isto
851 4049 861 4091 t

426 4108 485 4179 m]
503 4044 662 4161 wmfflof
675 4059 891 4179 Wlfflin?
914 4075 1115 4197 Aassemm']
1130 4080 1158 4129 C.
1172 4078 1207 4129 D.
1215 4080 1264 4140 E·;
1282 4087 1382 4145 urgent,

428 4186 523 4243 ll‚pp.
534 4178 622 4246 cat-8)
632 4182 692 4231 thus
702 4183 831 4234 describes
845 4184 889 4233 the
941 4185 947 4199 '
983 4184 989 4198 ⁸
1026 4183 1033 4199 '

425 4252 532 4301 bermit:
549 4253 557 4279 ‘
568 4252 694 4313 Pusillus,
704 4268 812 4313 persona
831 4270 889 4303 con·
951 4248 1101 4317 *Urgeant.]
1111 4254 1140 4302 C.
1148 4253 1182 4302 D.
1190 4254 1238 4313 E.;
1249 4254 1379 4319 infestent,

425 4322 582 4383 temptibilir,
608 4323 704 4371 vivacis
731 4324 836 4385 ingenii,
863 4330 888 4374 et
914 4322 947 4372 A.
962 4322 990 4371 S.
1003 4323 1033 4373 L.
