3100 5050
185 507 346 590 nrr.111.]
470 525 644 573 ursroura
668 525 847 575 Novanus.
1070 511 1134 588 761,

183 682 324 746 liberari
339 701 443 765 posse
465 683 637 766 principes
652 703 740 766 quos
763 685 903 750 fortuna
922 702 988 748 sna
1008 685 1132 751 innex·
1144 697 1280 791 staplas

183 783 294 846 nisset
309 790 444 847 catena.
490 782 646 848 Tandem
662 804 766 867 porro
780 785 1031 850 communicato
1048 805 1154 851 con-e
1141 749 1287 895 2⁰51&th

183 884 275 962 silio,
291 882 488 966 quicunqne
509 884 719 967 imperatrici
743 885 921 963 favebant,
938 887 1066 950 crebris
1082 861 1182 954 le-due
1183 907 1200 943 t

182 985 381 1066 gationibus
398 984 557 1049 comitem
574 985 795 1063 conveniunt,
808 993 848 1050 ut
865 987 947 1069 quia
961 1006 1030 1051 non
1050 1008 1129 1071 pos-

181 1092 236 1149 set
261 1083 354 1168 quod
370 1083 487 1161 vellet,
508 1085 695 1149 secuudum
722 1087 845 1150 cornici
867 1086 1009 1166 dictum,
1024 1088 1130 1154 vellet

180 1184 274 1268 quod
288 1190 426 1267 posset:
449 1191 627 1266 pateretur
644 1205 727 1266 ergo
750 1205 868 1268 regem
884 1194 972 1252 etse
988 1187 1128 1254 liberari

179 1286 309 1349 mutuis
338 1284 613 1365 conditionibus;
645 1285 821 1368 ‘alioquin
846 1287 1030 1365 timemuS,'
1055 1289 1127 1354 aie·

178 1387 276 1463 bant,
301 1391 368 1449 ‘ne
392 1386 536 1450 comites
559 1385 644 1452 facti
671 1385 727 1449 sui
755 1387 899 1452 maximi
922 1394 957 1451 et
981 1389 1126 1470 praecla·
1181 1385 1187 1404 '

178 1487 319 1564 tissimi,
331 1505 401 1568 quo
423 1492 459 1549 te
477 1492 655 1569 ceperunt,
669 1486 776 1550 erecti
798 1487 1020 1566 conscientia,
1036 1508 1124 1554 unos

178 1593 215 1650 et
241 1606 330 1651 unos
352 1605 396 1650 ex
419 1585 519 1650 nobis
540 1584 719 1664 invadant,
742 1587 887 1652 castella
909 1596 1124 1672 expugnent,

177 1687 290 1770 ipsam
304 1693 457 1751 sororem
474 1693 570 1751 tuam
586 1679 801 1752 ¹obsidiant.'

229 1786 248 1871 §
277 1786 331 1853 62.
354 1786 445 1851 Tum
473 1787 611 1851 demum
637 1787 811 1852 Robertus
828 1786 982 1854 mollitus
1005 1787 1123 1871 legato

177 1894 214 1952 et
238 1886 497 1971 archiepiscopo
524 1888 692 1967 assensit3
730 1886 783 1952 ita
804 1893 932 1966 tamen,
957 1908 1000 1952 ne
1026 1891 1123 1972 quic-

176 2006 282 2070 quam
305 1988 525 2053 castellorum
540 1987 596 2053 vel
617 1995 789 2052 terrarum
809 1988 1010 2054 redderetur
1029 1991 1122 2072 quod

175 2095 258 2170 post
273 2089 366 2170 regis
381 2084 577 2171 captionem
592 2089 628 2151 in
637 2087 697 2171 jus
719 2089 948 2170 imperatricis
965 2090 1022 2156 vel
1036 2110 1122 2173 quo-

175 2208 322 2271 rumque
352 2188 504 2253 fidelium
536 2188 614 2272 ejus
643 2188 840 2252 transierat.
908 2188 1002 2253 Illud
1038 2209 1123 2256 sane

175 2288 273 2353 nullo
297 2289 410 2372 potuit
433 2288 589 2353 obtinere
611 2288 713 2352 modo
734 2294 906 2369 qnatenus
928 2289 983 2352 sui
1004 2308 1120 2354 secum

174 2389 425 2468 liberarentur3
448 2387 587 2452 offensis
603 2387 764 2453 videlicet
780 2388 870 2467 aliis,
887 2389 980 2470 quod
1003 2397 1120 2456 tantas

172 2509 292 2561 eorum
317 2489 562 2573 promissiones
584 2488 627 2555 de
655 2489 854 2572 principatu
877 2489 987 2555 totius
1009 2491 1119 2574 regni,

173 2590 325 2673 quodam
341 2591 443 2672 qnasi
454 2589 549 2655 fastu
564 2588 758 2668 fastidiens,-
771 2589 1026 2673 repudiaverat.
1071 2592 1119 2656 Et

171 2691 257 2773 quia
270 2691 421 2755 maxime
431 2690 676 2754 annitebantur
685 2696 735 2767 ut,
747 2698 889 2773 propter
899 2689 1031 2772 regiam
1041 2691 1118 2775 digq

174 2791 330 2869 nitatem,
354 2791 465 2874 primo
481 2810 545 2854 rex
561 2790 778 2867 liberaretur,
792 2784 970 2872 ²deinceps
985 2810 1116 2872 comes;

173 2910 252 2955 cum
263 2891 298 2954 id
315 2892 375 2955 ille
391 2890 565 2955 dubitaret
581 2890 780 2967 concedere,
790 2890 1014 2955 firmaverunt
1019 2890 1116 2974 jure·

165 2990 318 3075 jurando
340 2991 477 3072 legatus
499 2997 535 3055 et
556 2990 846 3074 archiepiscopus,
871 2990 976 3073 quod,
998 2992 1029 3055 si
1052 3010 1115 3057 rex

172 3099 252 3173 post
265 3091 503 3155 liberationem
517 3110 616 3154 suam
633 3090 842 3155 detrectaret
857 3092 1018 3154 comitem
1031 3090 1116 3156 libe·

170 3210 261 3268 rare,
281 3192 349 3274 ipsi
373 3191 473 3254 sein
497 3191 690 3273 captionem
715 3190 852 3254 comitis
876 3188 1117 3256 incunctanter

168 3291 363 3376 injicerent,
378 3309 584 3373 quocunque
595 3290 663 3373 ipsi
676 3289 835 3355 libuisset
851 3288 1053 3355 abducendi.

222 3390 240 3474 §
254 3391 307 3454 63.
331 3390 366 3455 N
369 3410 408 3454 ec
424 3389 538 3454 adhuc
552 3390 696 3472 quievit,
711 3388 785 3467 sed,
798 3396 925 3472 praeter
944 3389 1031 3469 baec,
1046 3411 1115 3474 quo

170 3490 239 3555 sibi
268 3490 466 3574 provideret
499 3508 611 3571 sagax
638 3490 773 3553 animus
809 3490 964 3553 invenit}
996 3498 1115 3574 posset

170 3610 293 3673 nempe
306 3590 381 3655 ficri
396 3596 436 3653 ut
451 3610 526 3666 rex,
540 3589 721 3666 malorum,
738 3589 831 3671 quod
846 3608 939 3672 saepe
954 3588 1007 3667 fit,
1023 3610 1114 3674 pree·

169 3699 296 3755 ventus
313 3690 469 3766 oonsilio,
487 3689 681 3772 captionem
691 3689 810 3753 fratris
827 3688 881 3753 sui
898 3697 933 3753 et
947 3691 1116 3775 archiepi-

170 3791 268 3874 scopi
285 3791 385 3872 parvi
401 3790 542 3854 duceret
555 3788 740 3852 dummodo
753 3790 829 3871 ipse
841 3788 928 3868 liber
944 3789 980 3852 in
997 3790 1116 3874 pluma

163 3891 311 3975 jaceret.
362 3890 493 3971 Exegit
508 3908 591 3971 ergo
608 3890 652 3953 ab
670 3895 819 3971 utroque
841 3888 1021 3970 sigillatim
1038 3892 1115 3955 bre-

168 3992 229 4055 via
245 3997 281 4054 et
294 3990 410 4072 sigilla
424 4007 490 4053 sua
506 3987 550 4052 ad
566 3988 795 4071 apostolicum
805 3988 842 4052 in
853 3988 944 4051 hunc
959 4008 1114 4071 sensum3

168 4252 376 4380 Slssbim']
402 4256 452 4319 n.;
475 4257 631 4317 oppugnent,
656 4250 855 4372 LJD⁰⁵⁸⁶⁰p⁸']
869 4222 1117 4317 amoenam.

190 4365 197 4379 .
238 4363 245 4378 .
287 4331 312 4376 ὓ.
702 4358 710 4374 .
