3100 5050
169 565 298 646 me.1.]
458 581 633 630 maroam
655 580 835 629 uovmm.
1024 620 1026 625 .
1057 561 1124 627 713

169 740 235 804 bus
259 759 338 804 eum
352 732 649 824 ¹possessionibus
671 740 707 804 in
724 737 857 824 Anglia
876 739 1003 824 quibus
1024 746 1122 822 pote-

170 848 227 905 rat
258 842 424 925 privavit,
451 846 486 906 et
509 841 669 925 quaedam
695 841 771 926 ejus
798 841 943 907 castella
969 840 1121 923 compla-

171 941 281 1006 navit.
333 941 454 1006 Solum
468 941 655 1007 Bristowia
677 942 854 1020 remansit,
872 950 912 1007 ut
925 961 996 1006 non
1009 941 1122 1006 solum

170 1041 291 1106 hostes
307 1042 510 1125 expelleret,
525 1042 586 1106 sed
604 1042 710 1106 etiam
725 1044 854 1107 crebris
870 1062 986 1126 regem
1008 1041 1123 1106 incur·

168 1143 325 1207 sionibus
342 1142 517 1226 fatigaret.
561 1142 629 1207 Sed
646 1143 729 1228 quia
745 1144 894 1228 primum
905 1143 1029 1208 librum
1046 1141 1121 1206 No-

169 1243 272 1308 vellae
287 1242 456 1307 Historiae
478 1263 500 1308 a
521 1243 635 1310 reditu
655 1244 885 1328 imperatricis
909 1242 1008 1331 (post
1029 1262 1121 1308 mor·
1230 1234 1233 1241 ’

170 1351 242 1408 tem
257 1341 390 1430 mariti)
407 1343 452 1408 ad
468 1351 604 1427 patrem
617 1343 795 1426 hucusque
817 1345 1031 1427 protraxisse
1047 1342 1119 1407 suf-

168 1444 302 1521 fecerit,
327 1464 419 1509 nunc
451 1445 640 1509 secundum
673 1444 858 1522 ordiemur,
887 1447 932 1511 ab
959 1465 999 1510 eo
1027 1463 1120 1508 anno

168 1565 241 1630 quo
266 1545 385 1609 eadem
408 1545 531 1628 virago
554 1546 591 1609 in
618 1543 784 1628 Angliam
807 1545 916 1624 venit,
936 1546 1119 1632 jussuum

165 1653 290 1711 contra
303 1645 517 1731 Stephanum
533 1653 717 1710 maura.

207 1887 378 1935 EXPLICIT
400 1887 509 1935 LIBER
532 1885 671 1934 PmMUa
692 1883 866 1933 Novam
888 1881 1081 1933 maroam.

203 2155 212 2188 ¹
225 2155 422 2206 Pomreiont'bue
436 2155 463 2204 in
474 2153 568 2216 Anglio
579 2153 633 2217 pui-
657 2153 771 2202 sionibus
777 2153 803 2201 in
810 2152 905 2214 Anglia
912 2151 1031 2212 privavit,
1036 2166 1119 2212 quan·

109 2269 113 2277 .
165 2229 211 2278 bae
218 2231 316 2293 potera
323 2219 454 2295 primda]
466 2227 499 2276 Ε.
510 2241 518 2288 ;
533 2239 632 2288 posscs-
657 2229 710 2274 tum
721 2224 815 2286 inipso
825 2222 883 2286 fuit,
895 2223 923 2272 S.
937 2223 967 2271 G.
980 2221 1014 2271 D.
1027 2222 1083 2272 Η.
