3100 5050
416 524 482 591 674
633 539 748 588 essm
772 537 900 586 annun
924 535 1140 585 inomaus.
1235 521 1324 603 [nm.
1341 537 1374 584 v.

558 712 605 759 DE
627 710 792 759 SERLONE
814 708 956 758 Abusus
977 707 1230 757 obolismus.

256 819 386 912 {5220ng
470 819 489 903 ς
502 819 580 884 441.
599 819 657 897 Et,
673 841 716 884 ne
732 819 864 901 Anglia
879 838 1005 902 expers
1020 819 1102 882 boni
1117 825 1272 901 putetur,
1290 823 1370 904 quis

226 924 296 960 ’Μ
417 921 530 1004 possit
546 921 723 1002 praeterire
749 918 927 984 serlonem
949 920 1109 982 abbatem
1125 919 1370 985 Gloecestreu-

419 1040 503 1098 sem,
516 1021 577 1103 qui
592 1019 706 1086 locum
725 1020 825 1084 illum
842 1039 888 1084 ex
903 1018 1024 1084 humili
1041 1025 1076 1082 et
1092 1039 1181 1101 pene
1204 1020 1300 1085 nullo
1323 1022 1367 1085 ad

417 1121 607 1202 gloriosum
622 1127 825 1204 provectum
840 1120 991 1184 extulitl
1026 1117 1125 1182 Nota
1139 1125 1193 1183 est
1208 1122 1368 1186 omnibus

418 1219 544 1303 Anglis
561 1219 837 1286 Gloecestrensis
859 1220 1010 1284 discreta
1030 1218 1165 1301 religio,
1187 1239 1291 1301 quam
1313 1223 1368 1285 in-

418 1320 536 1384 firmus
568 1323 679 1404 possit
703 1321 892 1402 suspicere,
920 1340 983 1383 nec
1014 1319 1126 1400 possit
1153 1318 1254 1383 fortis
1283 1341 1365 1386 con-

417 1427 581 1484 temnere.
636 1420 716 1486 Hoc
741 1421 812 1484 illis
834 1420 979 1502 signifer
998 1418 1096 1484 Serlo
1118 1419 1249 1496 intulit,
1266 1427 1306 1484 ut
1326 1440 1369 1486 ne

416 1521 499 1603 quid
521 1521 634 1585 nimis.
687 1521 858 1601 Quamvis
873 1526 1003 1585 uteret
1024 1519 1125 1582 bonis
1146 1519 1300 1598 humilis,
1315 1522 1367 1585 ita

415 1621 574 1704 superbis
594 1622 715 1686 minax
741 1640 784 1684 ac
808 1621 982 1684 terribilis.
1034 1616 1092 1683 Ad
1110 1619 1203 1701 quod
1226 1618 1366 1684 firman-

416 1720 497 1786 dum
519 1740 640 1786 versus
666 1721 709 1787 de
731 1741 772 1786 eo
789 1719 970 1786 Godefn'di
985 1719 1112 1802 prioris
1138 1718 1309 1814 adducam
1330 1721 1366 1785 in

416 1819 577 1886 medium.

620 2009 759 2060 VERSUS
782 2011 830 2058 DE
854 2011 975 2058 EODEM
1000 2011 1161 2058 MoRTUo.

415 2123 425 2154 ‘
438 2117 604 2184 Ecclesiae
622 2137 740 2184 murus
753 2119 890 2196 cecidit,
908 2119 1051 2183 Serlone
1064 2119 1231 2183 cadente:

486 2219 639 2284 Virtutis
654 2219 805 2302 gladius
819 2220 965 2283 buccina
973 2219 1135 2303 justitiae,

437 2319 534 2384 Vera
546 2318 700 2403 loquens,
718 2326 754 2384 ct
769 2339 839 2383 non
850 2321 952 2384 vanis
967 2319 1185 2383 sermonibus
1199 2326 1316 2396 utens,

488 2419 546 2497 Et,
563 2438 650 2502 quos
667 2417 846 2501 corripuit,
862 2419 1076 2502 principibus
1091 2419 1235 2501 placuit.
1335 2451 1344 2472 a

436 2519 460 2584 J
464 2519 614 2585 udicium
629 2540 796 2603 praeceps,
811 2519 1005 2584 contrarius
1023 2518 1154 2584 ordinis
1169 2540 1278 2597 error,

488 2619 535 2684 Et
550 2620 675 2686 levitas
688 2639 836 2697 morum,
850 2640 921 2684 non
937 2620 1098 2703 placuere
1111 2620 1189 2684 sibi.

436 2720 577 2784 Tertius
591 2740 613 2784 a
628 2720 652 2784 J
655 2739 722 2784 ano
735 2720 876 2797 mensis,
889 2719 954 2783 lux
968 2720 1073 2784 tertia
1087 2720 1229 2796 mensis,

486 2819 576 2885 Cum
591 2840 674 2885 nece
688 2839 912 2903 suppressum
928 2820 1003 2884 vita
1018 2818 1150 2885 levavit
1164 2820 1266 2884 eum'

499 3011 547 3058 DE
570 3011 735 3059 LANzoNR
758 3010 894 3059 PRIORE
916 3010 1047 3059 SANG'l'I
1071 3009 1285 3060 PANanrn.

283 3136 324 3166 ¹¹⁰
345 3138 388 3168 ¹01
463 3120 581 3205 5442.
605 3119 695 3199 Quis
722 3118 920 3184 Lauronem
948 3125 1077 3196 taceat,
1103 3117 1164 3200 qui
1188 3138 1231 3183 ea
1256 3126 1363 3184 aetate

252 3188 265 3217 ⁰
312 3188 361 3218 m
412 3220 509 3285 nullo
531 3220 673 3284 inferius
698 3221 884 3284 sanctitate
907 3218 1037 3296 floruit,
1062 3217 1253 3308 monachus
1277 3219 1362 3284 Clu-

412 3320 596 3397 niacensis,
619 3328 654 3385 et
674 3319 770 3403 prior
788 3314 917 3383 ¹sancti
943 3317 1124 3383 Pancratii
1145 3319 1183 3382 in
1202 3317 1360 3402 Anglial

413 3419 473 3502 qui
486 3420 660 3502 probitate
675 3439 741 3483 sua
753 3420 805 3484 ita
819 3420 933 3485 locum
947 3420 1045 3483 illum
1065 3420 1269 3484 reverentiae
1283 3440 1359 3485 mo-

412 3519 559 3585 nachilis
585 3520 700 3602 gratia
723 3520 932 3596 nobilitavit,
963 3525 1002 3582 ut
1030 3519 1170 3583 unicum
1193 3520 1360 3585 bonitatis

357 3620 363 3630 '
411 3640 474 3701 pro
496 3640 577 3685 vero
606 3626 783 3684 asseratur
807 3638 882 3684 esse
906 3618 1127 3683 domicilium.
1180 3620 1236 3684 De
1258 3620 1359 3704 cujus

411 3720 487 3785 vita
501 3720 584 3804 quia
598 3720 761 3804 quicquid
779 3720 903 3785 dixero
925 3719 1017 3783 infra
1031 3719 1124 3783 illins
1142 3720 1267 3783 merita
1282 3739 1359 3785 esse

347 3857 351 3867 ·
410 3820 592 3898 denuncio,
632 3821 745 3885 solum
781 3820 875 3884 illius
911 3820 1055 3898 obitum,
1082 3818 1196 3884 verbis
1232 3820 1359 3904 quibus
1472 3814 1477 3823 ’

410 3920 577 4005 scriptum
609 3921 739 3998 inveni,
779 3939 965 4004 apponam,
996 3927 1035 3985 ut
1070 3919 1202 4003 liquido
1236 3928 1358 4003 pateat

409 4042 514 4104 quam
530 4022 680 4105 glorioso
698 4021 827 4086 vixerit
841 4021 901 4106 qui
918 4028 989 4085 tam
1004 4020 1157 4103 gratiose
1174 4020 1272 4085 obiit.

522 4279 530 4312 ¹
542 4280 629 4331 Sancti
641 4278 771 4330 Pancratii
782 4278 809 4327 ia
820 4276 938 4340 Angla]
953 4277 990 4325 At
1000 4276 1091 4327 Leues
1101 4276 1128 4326 in
1139 4276 1244 4327 Sussex.
