3100 5050
416 484 484 558 748
704 502 879 551 nrsroara
902 502 1080 552 novumn.
1211 484 1298 567 [nra.
1314 497 1369 546 111.

692 677 742 727 llll
763 677 919 727 calinico
943 676 1100 726 REOlNAE·

472 787 558 874 §42
582 786 724 852 Interea
748 787 901 852 surrexit
928 785 1081 870 quidam,
1104 784 1205 869 cujus
1230 803 1367 861 nomen,

421 889 452 955 si
476 890 563 953 bene
585 887 736 965 memini,
752 886 983 964 ChristianuS,
1005 885 1135 968 reginae
1158 884 1215 972 (ut
1232 881 1367 970 audivi)

421 989 579 1066 clericus,
602 988 828 1071 porrexitque
856 987 1013 1050 chartam
1038 986 1176 1068 legat03
1211 1003 1281 1068 qua
1310 985 1369 1049 ille

421 1089 487 1152 sub
511 1087 650 1153 silentio
671 1088 774 1166 lecta,
789 1106 875 1152 voce
889 1093 1057 1171 quantum
1080 1085 1195 1168 potuit
1212 1085 1369 1150 exaltata

421 1187 513 1252 dixit
523 1208 593 1254 non
609 1207 685 1252 esse
702 1187 905 1269 legitimam,
916 1180 1043 1270 'neque
1059 1186 1200 1251 deberet
1210 1186 1247 1249 in
1259 1192 1369 1262 tanto,

421 1290 682 1373 praesertimque
706 1287 905 1352 sublimium
931 1294 967 1352 et
990 1286 1231 1368 religiosarum
1252 1304 1370 1369 perso·

423 1408 558 1467 narum,
575 1395 748 1453 conventu
773 1386 924 1452 recitari.
977 1386 1112 1451 Praeter
1133 1392 1261 1451 caetera
1278 1386 1368 1448 enirn

423 1509 502 1574 quae
527 1487 811 1572 reprehensibilia
840 1493 877 1551 et
906 1486 1074 1552 notabilia
1104 1492 1203 1551 erant
1228 1485 1369 1569 scripta,

423 1597 547 1654 testem
569 1589 766 1672 appositum
786 1587 847 1671 qui
868 1587 1045 1671 praeterito
1062 1606 1167 1666 anno,
1188 1586 1225 1650 in
1251 1586 1369 1650 codem

424 1709 494 1772 quo
508 1697 591 1753 tunc
604 1689 771 1752 sedeth
784 1687 948 1770 capitulo,
961 1687 1175 1752 venerabiles
1190 1687 1370 1770 episcopos

424 1790 579 1853 maxima
594 1790 778 1853 verborum
793 1786 945 1853 affecerit
960 1787 1178 1852 contumelia.
1230 1785 1290 1851 Ita
1310 1787 1370 1851 illo

424 1889 585 1967 tricante,
607 1889 751 1954 clericus
780 1888 947 1970 legationi
974 1907 1047 1952 suae
1070 1908 1139 1953 non
1166 1887 1287 1964 defuit,
1310 1887 1370 1952 sed

423 1989 593 2073 praeclara
604 1988 731 2053 fiducia
743 1987 863 2053 literas
876 1988 963 2071 legit
978 1988 1014 2052 in
1027 1987 1214 2066 audientia,
1223 2007 1370 2072 quarum

423 2089 500 2154 haec
525 2096 601 2154 erat
618 2107 775 2153 summa:
799 2088 989 2171 ‘Rogabat
1011 2089 1133 2171 regina
1148 2089 1277 2153 obnixe
1298 2107 1371 2152 om-

424 2210 502 2254 nem
528 2191 658 2254 clerum
681 2194 944 2271 congregatum,
973 2196 1009 2253 et
1043 2188 1267 2272 nuncupatim
1299 2188 1372 2271 epi-

424 2309 568 2374 scopum
581 2289 772 2355 Wintoniae
788 2289 929 2353 fratrem
944 2288 1073 2353 domini
1090 2289 1156 2367 sui,
1173 2295 1213 2352 ut
1227 2287 1372 2352 eundem

425 2390 602 2455 dominum
627 2408 735 2472 regno
766 2389 1000 2467 restituerent,
1025 2408 1127 2472 quem
1156 2389 1268 2472 iniqui
1293 2389 1371 2467 viri,

426 2491 486 2574 qui
510 2491 615 2555 etiam
635 2488 792 2554 homines
815 2489 869 2554 sui
894 2496 1021 2567 essent,
1043 2488 1234 2554 invincula
1255 2489 1373 2575 conje-

426 2591 578 2655 cissent.'
630 2590 725 2654 Huic
742 2590 960 2672 suggestioni
976 2589 1095 2654 retulit
1110 2590 1248 2671 legatus
1266 2591 1373 2654 verba

425 2690 463 2755 in
489 2689 633 2754 eandem
660 2690 867 2754 sententiam
899 2709 969 2774 qna
997 2697 1033 2755 et
1059 2688 1372 2754 Londoniensibus.

427 2788 499 2868 Illi,
514 2790 765 2855 communicato
782 2788 938 2867 consilio,
950 2790 1114 2853 dixerunt
1132 2808 1171 2853 se
1196 2790 1372 2854 decretum

427 2891 563 2955 concilii
593 2890 812 2955 convicaneis
839 2890 912 2953 suis
941 2890 1124 2968 relaturos,
1156 2896 1192 2954 et
1218 2889 1373 2954 favorem

265 3008 311 3049 rna
319 3008 402 3048 mon
426 3009 527 3055 suum
539 2996 708 3073 quantum
718 2996 862 3071 possent
873 2989 1102 3073 praestituros
1137 2989 1241 3053 Feria
1251 2990 1374 3073 quinta

262 3058 383 3159 l‘ssrilip'
427 3090 578 3154 solutum
594 3098 648 3155 est
662 3089 857 3167 concilium,
867 3088 1174 3154 excommunicatis
1192 3095 1274 3153 ante
1286 3090 1375 3153 mul·

426 3190 472 3253 tis
488 3192 548 3273 qui
564 3190 737 3272 regiarum
753 3194 854 3253 erant
869 3189 1040 3272 partium3
1063 3188 1266 3254 nominatim
1282 3189 1373 3255 Wil-

425 3289 528 3353 lelmo
542 3289 719 3365 Martello,
730 3289 790 3370 qui
803 3289 977 3371 quondam
988 3289 1155 3372 pincerna
1171 3290 1263 3371 regis
1274 3288 1373 3352 Hen-

424 3388 501 3466 rici,
518 3396 601 3453 tunc
618 3387 752 3472 dapifer
773 3387 951 3471 Stephani.
1004 3388 1078 3453 Iste
1097 3389 1293 3454 immaniter
1309 3409 1372 3453 ex·

424 3489 642 3554 uloeraverat
655 3488 764 3569 legati
781 3488 945 3567 animum,
961 3488 1080 3553 multis
1101 3489 1204 3552 rebus
1221 3488 1297 3577 ejus
1319 3489 1372 3553 in·

427 3589 589 3673 terceptis
604 3595 640 3652 et
656 3587 842 3674 subreptis.

486 3777 660 3839 QUOMODO
683 3775 920 3824 IMPERATRIX
944 3775 968 3823 Δ
991 3775 1307 3826 LONDONIENSIBUS

773 3876 939 3924 ancum
962 3874 1030 3923 sl'r.

264 4006 416 4057 amator
476 3986 565 4071 §48
590 3986 716 4070 Itaque
738 3986 857 4050 multae
881 3983 946 4047 fuit
963 3984 1062 4048 molis
1080 3983 1373 4051 londoniensium

261 4059 298 4097 the
306 4068 400 4107 enipius
474 4088 481 4100 .

260 4108 398 4197 mna-
423 4106 558 4155 ammos
586 4086 800 4169 permulcere
828 4103 942 4168 posse,
972 4091 1024 4162 ut,
1051 4103 1129 4153 cum
1154 4083 1229 4150 haec
1254 4088 1372 4155 statim

664 4274 672 4308 ¹
686 4278 791 4343 Neque]
810 4278 862 4335 E.;
877 4292 908 4326 ne
920 4292 988 4339 quae,
1001 4277 1029 4326 S.
1041 4275 1076 4325 D.
1088 4277 1142 4325 La.
