3100 5050
425 463 491 527 416
636 477 750 525 unsre
770 475 902 525 amun
927 477 1138 526 nuononun.
1220 465 1305 546 [itu.
1323 470 1379 530 rii.

259 660 311 700 nu.
324 660 379 699 1⁰66.
425 636 601 712 sistentes,
624 633 677 698 de·
692 632 955 716 insequentibus
977 633 1132 716 insignes
1149 635 1259 700 cladis
1284 626 1380 700 aeer'-

426 754 490 800 vos
509 735 683 815 facerent3
719 753 812 810 nam,
835 741 1006 817 occupato
1029 735 1175 813 tumulo,
1203 736 1379 801 Normau'-

425 853 502 911 uos,
528 835 642 899 calore
671 853 855 898 succensos
880 835 1008 898 aeriter
1038 835 1082 898 ad
1112 837 1292 918 superiora
1323 837 1377 900 ni·

426 941 550 1012 tentes,
579 935 616 1000 iu
644 935 769 999 vallem
799 933 979 1017 dejiciunt,
1005 934 1141 1016 levique
1170 937 1311 1018 negotio
1341 937 1378 999 iu

425 1034 601 1118 subjectos
616 1034 688 1098 tela
703 1041 916 1117 torquentes,
932 1033 1065 1116 lapides
1079 1041 1246 1113 rotantes,
1259 1054 1378 1100 omnes

426 1134 471 1197 ad
485 1154 590 1199 unum
604 1133 764 1197 fundunt.
809 1133 901 1198 ltem
915 1133 1083 1197 fossatum
1098 1134 1272 1218 quoddam
1286 1155 1378 1218 prae-

426 1243 565 1316 ruptum
590 1233 850 1316 compendiario
867 1240 904 1296 et
924 1241 1007 1297 uoto
1030 1233 1096 1297 sibi
1120 1232 1272 1300 transitu
1295 1226 1377 1300 eva·-

425 1434 520 1498 mnlo
536 1432 744 1497 cadaverum
758 1432 937 1514 planitiem
952 1433 1066 1514 campi
1078 1442 1269 1516 aequarent.
1301 1435 1377 1500 Va-

425 1532 491 1596 luit
518 1532 593 1597 haee
617 1532 831 1608 vicissitudo,
857 1533 960 1597 modo
978 1532 1060 1609 illis,
1084 1534 1187 1597 modo
1208 1535 1286 1598 istis
1300 1536 1377 1599 vin-

296 1667 309 1693 2
342 1666 354 1694 ο
423 1634 595 1709 centibus,
610 1626 958 1714 quantum¹Haroldi
975 1633 1049 1696 vita
1062 1652 1194 1697 moram
1210 1633 1314 1714 fecit3
1330 1643 1377 1700 at

287 1718 322 1745 ⁸⁰
345 1735 349 1744 '
427 1733 485 1795 ubi
494 1732 594 1815 Jactu
610 1733 750 1813 sagittae
764 1731 895 1795 violato
913 1733 1054 1796 cerebro
1073 1735 1269 1815 procubuit,
1291 1734 1377 1816 fuga

426 1829 620 1914 Anglorum
643 1832 805 1914 perennis
831 1832 867 1893 in
896 1839 998 1896 noete
1024 1832 1102 1895 fuit.
1155 1833 1306 1898 Emicuit
1328 1836 1377 1898 ibi

425 1931 537 1996 virtus
549 1933 728 1996 amborum
742 1932 880 1995 ducum.
1006 1975 1010 1980 .

264 2056 404 2116 urgendae
477 2031 586 2114 §ata
610 2030 801 2108 HarolduS,
814 2051 884 2094 nou
899 2037 1083 2095 contentus
1103 2051 1245 2096 munere
1265 2033 1376 2115 impe-

263 2109 340 2196 llil?
350 2109 387 2147 ²¹²⁰
424 2133 554 2196 ratorio
570 2138 610 2195 nt
622 2125 819 2195 hortaretur
832 2130 932 2207 alios,
947 2131 1067 2195 militis
1085 2128 1235 2195 officium
1254 2132 1376 2198 sedulo

423 2233 679 2313 exequebatur;
716 2250 811 2313 saepe
837 2229 971 2294 hostem
999 2232 1157 2295 cominus
1178 2233 1375 2296 venientem

423 2329 537 2408 ferire,
565 2338 604 2395 ut
634 2330 748 2394 nullus
774 2331 914 2411 impune
938 2330 1118 2395 accederet
1144 2331 1228 2414 quin
1254 2335 1375 2397 statim

425 2450 494 2499 uno
509 2431 580 2494 ictu
596 2450 705 2512 equus
720 2439 754 2493 et
769 2449 875 2512 eques
892 2430 1129 2513 prociderent:
1151 2440 1376 2515 quapropter,

426 2538 464 2595 ut
478 2532 564 2609 dixi,
578 2533 710 2595 eminus
725 2531 845 2594 lethali
861 2530 1029 2594 arundine
1043 2533 1133 2595 ictus
1149 2539 1294 2596 mortem
1309 2534 1374 2597 im-

423 2631 542 2713 plevit.
594 2632 617 2695 J
620 2631 751 2695 neentis
768 2630 879 2694 femur
893 2649 983 2693 unus
996 2630 1142 2695 militurn
1159 2631 1274 2713 gladio
1294 2653 1375 2715 pro·

423 2730 546 2810 scidit3
563 2730 654 2794 unde
669 2750 690 2794 a
706 2730 883 2795 Willelmo
898 2731 1096 2811 ignominiae
1113 2738 1266 2809 notatus,
1281 2734 1375 2815 quod

423 2850 495 2893 rem
510 2832 673 2912 ignavam
688 2837 723 2893 et
738 2829 932 2912 pudendam
946 2830 1096 2907 fecisset,
1111 2830 1235 2895 militie
1252 2832 1376 2914 pulsus

422 2937 487 2994 est.

474 3030 581 3113 §244
606 3029 696 3094 Item
712 3029 911 3095 Willelmus
936 3046 1019 3093 suos
1045 3029 1195 3093 clamore
1222 3037 1258 3093 et
1283 3050 1376 3113 prae·-

261 3114 342 3193 Ἢ
423 3129 535 3197 sentia
556 3128 699 3206 hortari,
720 3130 796 3212 ipse
817 3130 949 3211 primns
968 3148 1182 3211 procurrere,
1199 3129 1374 3195 confertos

422 3227 539 3293 hostes
558 3227 743 3292 invadere:
767 3228 845 3293 ideo
861 3228 942 3292 dum
965 3229 1094 3311 ubique
1116 3229 1229 3305 saevit,
1244 3230 1374 3313 ubique

422 3327 605 3405 infrendet,
623 3336 693 3392 tres
710 3348 819 3411 equos
835 3328 1041 3393 lectissimos
1057 3330 1122 3391 sub
1138 3348 1176 3391 se
1192 3328 1378 3394 confossos-

423 3447 466 3491 ea
481 3429 537 3492 die
553 3428 677 3492 amisit.
731 3428 892 3492 Perstitit
907 3434 1022 3491 tamen
1044 3428 1257 3509 magnanimi
1274 3428 1373 3493 ducis

423 3535 458 3591 et
483 3548 609 3611 corpus
631 3536 667 3593 et
689 3529 836 3605 animus,
860 3527 1020 3609 quamvis
1045 3526 1206 3589 familiari
1229 3546 1373 3594 susurro

423 3646 444 3689 a
467 3628 667 3693 custodibus
690 3628 843 3710 corporis
865 3633 1109 3706 revocaretur3
1132 3626 1286 3708 perstitit
1301 3626 1375 3714 (in-

422 3725 546 3811 quam)
560 3727 670 3791 donee
684 3728 866 3791 victoriam
883 3726 1019 3808 plenam
1038 3727 1283 3808 superveniens
1300 3748 1373 3792 nox

423 3826 629 3892 infunderet.
682 3826 728 3889 Et
747 3826 974 3909 proculdubio
991 3825 1111 3889 divina
1126 3825 1224 3888 illum
1249 3846 1373 3891 manus

422 3928 588 4008 protexit,
604 3932 643 3990 ut
653 3926 739 3989 nihil
748 3926 927 4007 sanguinis
943 3945 987 3988 ex
997 3925 1073 4009 ejus
1087 3945 1232 4007 corpore
1242 3919 1373 3992 ²hostis

423 4026 587 4103 hauriret,
603 4036 812 4108 quamquam
826 4025 923 4088 illum
941 4032 993 4089 tot
1006 4026 1134 4109 jaculis
1150 4026 1345 4107 impeteret.

447 4214 464 4249 1¹
478 4216 605 4280 Horoldi]
622 4215 657 4265 A.
675 4218 704 4267 S.
725 4218 760 4267 D.
782 4219 815 4267 E.
833 4219 883 4278 1..;
943 4215 1075 4281 waste]
1087 4217 1120 4267 A.
1133 4218 1162 4268 S.
1172 4222 1201 4269 C.
1210 4220 1245 4269 D.
1258 4220 1374 4283 Eam

329 4326 333 4331 .
421 4287 545 4347 Haroldo,
558 4287 587 4336 Ο.
907 4288 1010 4337 omitted
1022 4288 1047 4335 in
1060 4290 1114 4337 El.
