3100 5050
162 525 231 574 ma.
249 510 321 591 nn]
397 526 510 576 ensal
534 525 662 575 annun
686 525 901 576 anenonnu.
1052 511 1118 576 lor

129 754 131 760 ,
163 685 311 763 discens,
326 693 422 750 totus
436 685 539 750 modo
555 684 703 748 mundus
719 685 872 750 valitura
887 683 1038 768 remedia
1054 701 1117 750 ex*-

164 785 290 867 quiret.
344 787 390 850 Et
403 794 443 850 ut
459 786 612 868 aliquam
635 784 825 868 experiaris
847 802 893 847 ex
907 785 993 847 meis
1015 784 1118 849 innu-

164 885 386 949 merabilibus
403 885 540 968 poenis,’
559 885 733 968 protendit
749 903 889 948 manum
904 884 1044 947 sanioso
1060 885 1115 948 ul-

164 1003 241 1048 cere
265 985 467 1064 stillantem,
492 993 527 1050 et
542 983 630 1061 ‘en,'
652 985 714 1062 ait,
732 991 858 1048 ‘unam
883 1003 929 1048 ex
952 983 1114 1062 minimis,

164 1083 345 1148 videturne
359 1086 423 1149 tibi
436 1085 524 1150 levis
535 1084 563 1149 l'
608 1083 696 1148 Cum
718 1084 830 1148 levem
847 1084 913 1147 sibi
928 1083 1037 1148 videri
1059 1103 1114 1149 re-

164 1181 281 1262 ferret,
302 1184 373 1263 ille,
389 1185 542 1250 curvatis
564 1184 731 1249 involem
753 1183 885 1265 digitis,
901 1190 973 1247 tres
995 1189 1114 1264 guttas

162 1281 345 1348 defluentis
366 1286 439 1349 tabi
461 1302 565 1366 super
580 1303 659 1347 eum
669 1282 847 1368 jaculatus
865 1288 941 1362 est;
967 1302 1113 1365 quarum

163 1382 240 1447 duee
268 1389 437 1467 tempora,
462 1403 534 1450 una
554 1383 702 1448 frontem
726 1383 978 1464 contingentes,
999 1389 1115 1446 cutem

162 1489 198 1546 et
212 1502 351 1546 carnem
365 1485 456 1548 sicut
468 1485 582 1566 ignito
596 1483 750 1547 cauterio
772 1489 1008 1564 penetrarunt,
1022 1482 1114 1546 fora·

162 1601 241 1647 men
256 1582 354 1646 nucis
374 1602 486 1667 capax
500 1582 695 1647 efficientes.
749 1582 818 1647 Illo
839 1580 1113 1662 magnitudinem

162 1681 291 1747 doloris
313 1683 462 1747 clamore
484 1690 649 1760 testante,
664 1687 675 1717 ‘
688 1680 792 1760 Hoo,’
807 1683 921 1765 inquit
942 1689 1112 1760 mortuus,

163 1782 251 1845 ‘erit
266 1775 322 1844 ¹in
331 1790 366 1846 te
378 1790 547 1866 quantum
556 1782 698 1859 vixeris
714 1789 750 1846 et
761 1800 944 1864 poenarum
958 1800 1111 1846 mearum

161 1901 268 1962 grave
296 1881 551 1959 documentum,
583 1889 631 1959 et,
660 1882 731 1946 nisi·
755 1881 964 1963 neglexeris,
988 1881 1112 1946 salutis

161 1987 232 2044 tuae
258 1981 433 2063 singulare
460 1983 720 2046 monimentum.
784 1980 1007 2064 Quapropter
1027 1981 1110 2044 dum

160 2078 254 2158 lieet,
270 2080 352 2146 dum
367 2088 469 2146 nutat
483 2082 547 2160 ira,
565 2082 646 2145 dum
662 2080 814 2164 pendula
825 2074 940 2144 ²Dens
957 2081 1113 2163 operitur

161 2179 354 2259 elementia,
370 2189 468 2245 muta
481 2181 651 2257 habitum,
665 2187 763 2244 muta
776 2179 941 2257 animum,
957 2179 1113 2243 Redonis

161 2279 350 2344 monachus
364 2281 505 2345 effectus
522 2281 614 2364 apud
629 2287 788 2343 sanctum
803 2278 1019 2343 Melanium.'
1054 2278 1111 2342 Ad

161 2377 236 2444 haec
257 2381 364 2444 verba
387 2382 468 2446 vivo
498 2379 705 2463 respondere
731 2380 882 2455 nolente,
913 2380 1004 2443 alter
1032 2397 1112 2441 enm

160 2479 253 2545 oonli
276 2479 397 2562 vigore
425 2480 673 2565 perstringens,
700 2478 765 2543 ‘Si
789 2478 937 2543 dubitas'
963 2474 1114 2565 (inquit)

162 2582 354 2658 ‘converti
366 2582 481 2659 miser,
497 2581 574 2663 lege
588 2580 708 2643 literas
725 2579 812 2643 istas
824 2579 846 2658 3'
868 2587 904 2643 et
918 2578 1020 2641 simul
1034 2595 1114 2641 cum

160 2677 260 2744 dicto·
279 2698 420 2746 manum
442 2679 609 2764 expandit
629 2678 761 2743 tetricis
781 2678 874 2743 notis
898 2678 1113 2760 inscriptam,

161 2779 196 2843 in
216 2779 343 2863 quibus
358 2780 533 2845 Sathenas
546 2786 582 2844 et
596 2798 696 2843 omne
711 2777 898 2841 inferorum
911 2777 1113 2842 satellitium

161 2880 293 2960 gratias
310 2881 404 2944 omni
416 2880 650 2945 ecclesiastico
663 2877 770 2941 coetui
785 2877 828 2940 de
842 2877 992 2941 Tartaro
1014 2877 1113 2940 emit·

163 2980 295 3057 lebant,
313 2980 405 3062 quod
429 3000 506 3043 cum
529 2980 597 3063 ipsi
619 2979 655 3044 in
671 2977 767 3041 nullo
789 2977 862 3039 suis
875 2976 1112 3058 voluptatibus

162 3078 335 3157 deessent,
352 3086 426 3143 tum
443 3086 580 3143 tantum
596 3096 777 3141 numerum
788 3075 1015 3140 *subditarum
1037 3074 1112 3139 ani-

163 3196 295 3242 marum
314 3186 516 3262 paterentur
538 3179 583 3242 ad
606 3177 741 3243 inferna
763 3176 969 3240 descendere
988 3174 1113 3258 praedi·

164 3277 311 3343 cationis
326 3278 470 3357 incuria,
484 3286 652 3362 quantum
673 3296 851 3359 nunquam
875 3282 1048 3339 retroacte
1060 3276 1113 3339 vi·

165 3377 290 3442 derunt
327 3378 455 3443 secula.
516 3378 589 3442 His
615 3378 717 3441 dictis
747 3375 922 3458 loquentis
952 3382 1114 3458 aspectus

166 3476 357 3560 disparuit;
380 3485 416 3543 et
438 3468 594 3555 audiens,
608 3476 766 3542 omnibus
786 3476 859 3539 suis
874 3495 936 3559 per
950 3475 1115 3539 ecclesias

165 3584 200 3641 et
226 3596 355 3660 egenos
381 3578 587 3657 distributis,
615 3583 775 3642 sanctum
800 3575 991 3640 Melanium
1016 3574 1114 3650 adiit,

167 3694 286 3741 omnes
311 3676 492 3742 audientes
519 3686 555 3743 et
570 3677 727 3742 videntes
747 3675 791 3739 de
812 3676 928 3739 subita
952 3666 1114 3736 8conver-

166 3774 261 3841 sione
286 3776 475 3843 admonens
502 3783 543 3844 ut
567 3777 720 3842 dicerent
745 3775 859 3839 ‘Haec
888 3778 943 3837 est
968 3770 1115 3835 mutatio

166 3874 298 3941 dextrae
314 3877 479 3942 Excelsi.'

654 4072 680 4117 te
696 4068 819 4130 operitur,
840 4065 873 4115 A.
894 4064 929 4113 D.
944 4062 993 4122 L.;
1018 4060 1070 4109 Dei
1091 4064 1116 4108 te

654 4140 778 4200 operitur,
788 4137 818 4186 S.

689 4206 700 4239 ⁸
714 4203 894 4265 Conuersione]
907 4203 937 4250 C.
949 4201 984 4251 D.
993 4200 1042 4257 Ε.;
1059 4213 1118 4247 con·

200 4312 211 4343 r
218 4316 288 4365 Dm
300 4313 434 4379 murt]
454 4315 484 4363 c·
497 4315 545 4375 Ed
557 4314 629 4363 Deus
654 4279 773 4397 limgo?
781 4280 806 4325 et
816 4273 910 4323 illustri
920 4269 1117 4330 conversatione,

199 4102 250 4153 ¹122
262 4104 309 4169 ta]
318 4105 455 4169 El.;tibi,
466 4103 500 4155 A.
515 4104 542 4154 S.
555 4106 584 4154 C.
593 4105 628 4154 D.

167 4174 221 4226 El.
233 4176 264 4226 1..

925 4415 996 4460 21³2
