3100 5050
159 477 314 560 nrr.1v.]
386 494 498 545 cnsrl
524 497 652 546 nacon
677 499 894 548 Aucnoaun.
1009 485 1111 552 '525

160 653 265 734 Quod
290 656 384 720 omni
410 662 563 740 tempore
592 657 740 740 primum
761 658 935 743 jejunium
960 665 1111 740 quatuor

158 764 354 839 temporum
374 757 486 839 prima
507 757 724 822 hebdomada
738 757 1022 841 Quadragesimae
1037 759 1109 824 fiat.

160 855 267 936 Quod
289 857 425 921 ordines
449 859 540 922 omni
563 865 718 942 tempore
733 859 789 923 vel
813 860 849 922 in
864 879 1008 943 vespere
1024 860 1110 924 Sab·
1134 891 1136 895 ·

161 957 248 1035 bati,
261 957 330 1035 vel,
348 966 591 1042 perseverante
602 959 750 1044 jejunio,
767 959 804 1022 in
818 959 1004 1024 Dominica
1022 960 1112 1025 cele·

161 1059 326 1122 brentur:
359 1059 459 1124 utin
484 1059 638 1123 Sabbato
664 1059 823 1137 Paschae,
845 1080 916 1124 non
942 1061 1010 1124 nisi
1030 1069 1112 1144 post

161 1157 283 1222 horam
308 1178 434 1224 nonam
458 1157 607 1223 officium
633 1161 846 1240 celebretur3
876 1168 916 1225 ut
938 1160 1111 1245 jejunium

160 1259 351 1322 secundum
365 1260 402 1322 in
416 1258 633 1324 hebdomada
650 1254 891 1326 ¹Pentecostes
908 1262 1111 1327 celebretur.

161 1358 268 1439 Quod
283 1361 329 1424 ab
342 1358 507 1424 Adventu
522 1360 664 1425 Domini
681 1381 792 1444 usque
809 1360 854 1426 ad
865 1369 1010 1427 octavas
1028 1361 1112 1446 Epi-

160 1460 314 1542 phaniae,
344 1467 380 1525 et
411 1480 432 1524 a
461 1459 725 1544 Septuagesima
754 1462 936 1545 usquead
968 1469 1113 1527 octavas

162 1559 324 1638 Paschae,
349 1568 385 1625 et
412 1580 434 1626 a
460 1562 570 1643 prima
598 1562 652 1627 die
674 1562 913 1645 Rogationum
936 1562 1112 1647 usquead

160 1667 306 1724 octavas
322 1661 560 1740 PentecosteS,
579 1670 615 1727 et
638 1681 660 1728 a
680 1670 806 1746 quarta
827 1663 913 1727 feria
936 1664 1113 1729 occidente

160 1761 236 1825 sole
261 1762 355 1825 omni
383 1768 538 1844 tempore
569 1783 679 1846 usque
709 1763 755 1827 ad
778 1764 965 1828 secundam
991 1763 1113 1828 seriam

161 1863 296 1926 oriente
313 1861 386 1925 sole
403 1855 533 1928 ²trevia
550 1863 618 1928 Dei
641 1864 868 1928 custodiatur.
921 1863 1023 1943 Quod
1040 1866 1112 1948 epi-

163 1980 308 2044 scopum
341 1963 401 2044 qui
434 1965 577 2047 ceperit,
612 1966 752 2028 omnino
789 1965 895 2028 exlex
932 1964 1113 2030 habeatur.

164 2061 269 2142 Quod
291 2063 354 2146 qui
374 2063 465 2126 sacri
487 2065 618 2129 ordinis
632 2065 727 2129 viros
744 2065 802 2128 vel
825 2085 943 2129 eorum
964 2065 1113 2130 famulos

164 2164 307 2246 ceperit,
333 2162 519 2227 anathema
548 2165 603 2229 sit.
658 2163 760 2243 Quod
787 2166 847 2248 qui
874 2166 1114 2249 episcoporum

164 2264 221 2328 vel
251 2262 454 2328 clericorum
486 2265 705 2329 morientium
734 2266 827 2329 bona
855 2265 997 2349 ceperit,
1029 2286 1114 2330 ana-

164 2363 282 2429 thema
300 2364 357 2428 sit.
411 2363 514 2443 Quod
541 2366 601 2448 qui
629 2385 740 2449 usque
764 2359 1031 2450 ad4³septimam
1054 2388 1114 2450 ge-

165 2465 380 2530 nerationem
402 2466 699 2549 consanguinitati
720 2485 758 2531 se
782 2466 1009 2551 copulaverit,
1031 2487 1116 2532 ana

166 2566 284 2631 thema
314 2567 372 2633 sit.
433 2565 536 2651 Quod
571 2586 671 2631 nemo
703 2568 741 2631 in
777 2567 977 2650 episcopum
1007 2569 1115 2651 eliga-

166 2674 234 2745 tur,
270 2666 337 2731 nisi
366 2668 559 2751 presbyter,
590 2673 651 2732 aut
682 2667 861 2745 diaconus,
885 2675 947 2734 aut
975 2669 1115 2733 subdia-

165 2786 286 2845 conuS,
309 2753 344 2830 et
368 2767 424 2831 cui
443 2768 613 2833 natalium
633 2768 786 2850 dignitas
805 2767 1028 2851 suffragatur,
1050 2770 1117 2833 nisi

167 2868 321 2933 maxima
345 2869 550 2938 necessitate
565 2876 601 2933 et
613 2868 754 2933 licentia
770 2886 883 2951 papae.
936 2867 1039 2947 Quod
1056 2870 1118 2933 filii

168 2969 447 3051 presbyterorum
475 2968 531 3033 vel
561 2969 830 3033 concubinarum
863 2967 907 3045 ad
940 2972 1119 3053 presbyte-

168 3075 283 3133 ratum
303 3088 374 3132 non
398 3075 680 3151 promoveantur,
703 3070 770 3135 nisi
790 3070 886 3153 prius
910 3070 954 3133 ad
978 3070 1118 3152 religio·

167 3188 241 3233 sam
258 3168 367 3234 vitam
391 3168 602 3234 transierint.
655 3168 759 3248 Quod
783 3170 843 3252 qui
869 3169 914 3236 ad
937 3170 1117 3235 ecclesiam

167 3269 223 3334 vel
237 3270 281 3333 ad
299 3289 435 3334 crucem
455 3268 687 3351 confugerint,
702 3271 785 3334 data
802 3272 1031 3335 membrorum
1054 3272 1118 3334 im·

168 3371 338 3452 punitate,
352 3370 501 3455 justitiae
516 3370 711 3448 tradantur,
726 3370 784 3435 vel
807 3371 1008 3435 innocentes
1031 3372 1117 3437 libe-

167 3480 299 3537 rentur.
352 3470 455 3553 Quod
472 3490 691 3553 unaquaeque
704 3471 852 3535 ecclesia
866 3470 1016 3535 decimas
1036 3491 1118 3536 suas

204 3698 377 3749 ¹Peatecottes
387 3694 544 3767 celebratata]
557 3699 586 3750 S.
595 3700 630 3749 D.
657 3699 762 3761 taching
789 3699 830 3749 his
858 3698 966 3749 follows.
1012 3698 1038 3747 It
1064 3712 1120 3747 was

169 3772 220 3827 Ε.;
236 3772 281 3819 liat
292 3772 467 3833 Pentecostes,
477 3770 509 3821 L.
657 3770 758 3818 blamed
776 3771 812 3831 by
828 3784 897 3819 some
913 3768 1016 3830 biehops
1035 3782 1065 3817 aa
1086 3783 1120 3817 an

202 3838 323 3890 trram
342 3841 412 3905 Dei]
434 3841 489 3889 The
511 3845 583 3889 truce
608 3838 637 3888 of
658 3840 775 3889 occasion
792 3839 821 3889 of
834 3841 948 3901 perjury,
963 3840 1014 3888 and
1032 3840 1123 3899 reject·

171 3911 229 3962 God
240 3926 296 3960 was
307 3913 360 3961 first
377 3910 495 3960 invented
513 3912 540 3959 in
550 3910 633 3971 Aqui·
658 3910 691 3959 ed
705 3911 740 3970 by
756 3909 800 3959 the
815 3910 943 3958 Normaus
958 3924 987 3959 aa
1004 3912 1121 3970 contrary

170 3983 222 4031 tain
242 3983 268 4030 in
286 3985 358 4031 1032.
394 3982 420 4029 It
430 3996 485 4031 was
503 3995 532 4029 so
551 3980 633 4030 called
658 3985 684 4028 to
705 3980 771 4029 their
792 3980 937 4042 privileges.
975 3977 1122 4044 (Ducauge,

171 4052 233 4101 lrom
252 4052 295 4101 the
312 4065 447 4114 eagerness
462 4051 526 4101 with
549 4050 633 4099 which
660 4050 746 4100 Gloss.
775 4056 834 4100 tom.
857 4064 894 4099 vr.
917 4066 943 4111 p.
965 4052 1121 4100 682—686.

171 4123 203 4172 its
213 4125 268 4172 first
283 4123 401 4184 proposed
412 4136 467 4171 was
473 4122 588 4171 received
600 4122 634 4182 by
660 4121 766 4169 Consult
776 4122 831 4170 also
842 4121 1004 4169 Robertson's
1015 4118 1124 4169 Chadas

171 4193 212 4242 the
224 4192 346 4255 suffering
366 4194 456 4254 people
468 4192 498 4241 oi
504 4207 580 4253 every
591 4192 635 4240 de·
660 4192 692 4253 V,
705 4192 753 4241 vol.
767 4188 799 4253 ι.)
1055 4215 1061 4227 ·

173 4278 245 4326 gree:
257 4263 351 4325 during
361 4264 404 4313 the
415 4264 475 4311 time
487 4264 507 4311 it
513 4263 636 4325 endured,
694 4258 705 4291 ³
717 4261 873 4325 Septimum]
897 4261 931 4310 D.
947 4260 980 4308 Ε.
1000 4259 1048 4318 1..;
1065 4274 1125 4309 sex·

172 4350 204 4383 no
214 4349 262 4384 one
274 4334 391 4383 daredto
404 4334 512 4396 infringe
523 4334 544 4381 it
554 4334 588 4394 by
599 4336 636 4381 at·
660 4333 762 4394 tam‚S.
848 4365 850 4372 ·
