3100 5050
386 495 453 560 392
609 511 722 560 ensrn
750 513 878 560 aneon
902 513 1118 563 nneronuu.
1180 497 1341 579 [marn.

228 685 351 775 :gip-5⁰³⁵·
442 670 551 754 §23st
576 670 715 735 Paratis
731 691 814 753 ergo
828 673 987 735 omnibus
1004 691 1083 754 quae
1101 665 1342 752 ¹lerosolymi-

228 747 367 876 pjsfdpp
391 772 464 835 tani
490 773 624 835 itineris
640 773 805 836 viaticum
829 772 1066 848 informarent,
1089 772 1181 854 apud
1199 771 1342 833 Fiscan-

270 840 321 887 tm
351 846 475 934 m‘num
508 872 690 935 concilium
721 873 923 954 proceribus
955 874 1126 936 indicitur.
1191 871 1258 947 Ibi,
1284 871 1343 954 ju-

394 974 495 1035 bente
515 980 625 1055 patre,
647 973 683 1034 in
709 993 834 1036 nomen
849 982 885 1038 et
902 974 1002 1037 tidem
1018 973 1187 1037 Willelmi
1204 974 1247 1034 ab
1270 991 1343 1034 om-

394 1073 495 1136 nibus
517 1073 678 1156 juratur:
702 1067 940 1138 ²Gislebertus
966 1094 1080 1139 comes
1107 1081 1201 1137 tutor
1221 1070 1346 1154 pupilli

395 1174 618 1236 constituitur
631 1194 639 1250 ;
657 1175 767 1237 tutela
781 1176 906 1238 tutoris
924 1169 1010 1258 ³regi
1021 1176 1234 1238 Francorum
1246 1171 1344 1234 Hen-

395 1274 467 1337 rico
492 1275 702 1354 assignatur.
755 1275 911 1338 Roberto
943 1284 1094 1358 coeptam
1120 1275 1213 1338 viam
1241 1292 1346 1355 expe-

396 1372 523 1450 diente,
548 1373 743 1437 Normanni
771 1395 889 1438 omnes
912 1377 1084 1441 communi
1116 1376 1265 1438 umbone
1287 1393 1347 1455 pa-

397 1474 500 1537 triam
514 1493 652 1556 persua
669 1475 816 1557 quisque
839 1479 1052 1540 munimenta
1066 1475 1184 1550 tutari,
1201 1493 1347 1556 parvum

235 1601 296 1662 rrqy
305 1599 362 1660 resp
398 1573 518 1637 herum
536 1594 581 1636 ex
594 1594 709 1638 amore
722 1576 891 1639 venerari.
931 1577 1037 1641 Stetit
1050 1577 1125 1639 haec
1138 1574 1223 1637 fides
1238 1592 1348 1656 usque

237 1654 320 1700 ΨΜ
332 1651 385 1690 ”¹¹²
399 1675 443 1737 ad
458 1673 585 1737 famam
608 1675 724 1738 obitus
742 1675 818 1759 ejus
833 1697 841 1754 3
866 1697 935 1758 qua
957 1678 1085 1760 ubique
1107 1674 1263 1758 gentium
1278 1675 1348 1736 dis-

399 1775 581 1851 seminata,
597 1795 675 1837 cum
691 1774 763 1840 fato
787 1784 940 1842 mutatus
963 1797 1079 1840 amor:
1103 1796 1185 1840 mox
1203 1776 1349 1857 quisque

400 1894 464 1937 sua
480 1875 613 1938 munire
632 1875 771 1957 oppida,
790 1867 901 1940 turres
924 1898 1039 1958 agere,
1062 1877 1234 1940 frumenta
1256 1895 1349 1937 com-

400 1982 552 2057 portare,
576 1994 700 2038 causas
721 1979 888 2060 aucupari
911 1977 1037 2060 quibus
1052 1977 1306 2061 quamprimum
1328 1993 1351 2038 a

400 2095 508 2156 puero
538 2075 717 2139 dissidium
744 2078 1004 2141 meditarentur.
1058 2078 1156 2141 Inter
1180 2075 1349 2150 haecine,

402 2175 493 2238 haud
524 2176 682 2257 equidem
713 2198 792 2241 reor
820 2179 895 2242 sine
919 2179 986 2242 Dei
1018 2178 1151 2242 auxilio
1181 2177 1241 2260 qui
1272 2195 1350 2239 eum

401 2281 500 2339 tanto
530 2276 804 2359 principaturum
834 2279 1043 2360 praeviderat
1069 2279 1225 2360 imperio,
1254 2284 1350 2340 tutus

402 2376 643 2454 adolescebat;
667 2397 744 2440 cum
759 2378 854 2442 solus
872 2399 959 2463 pene
975 2379 1191 2443 Gislebertus
1214 2397 1352 2460 aequum

403 2484 438 2540 et
454 2477 581 2541 bonum
597 2478 701 2540 armis
715 2477 939 2544 defensitaret
955 2481 1039 2545 suis.
1085 2479 1211 2545 Caeteri
1228 2478 1352 2542 studiis

403 2578 554 2659 partium
571 2584 775 2659 agebantur.
822 2580 845 2643 J
848 2601 904 2644 am
921 2601 1003 2645 vero
1020 2575 1219 2645 4interfecto
1237 2578 1352 2642 Gisle-

403 2678 501 2741 berto
527 2698 549 2741 a
575 2677 761 2761 Radulpho
787 2682 944 2762 patruele
971 2702 1046 2759 suo,
1073 2682 1201 2764 ubique
1229 2679 1354 2756 caedes,

403 2778 531 2861 ubique
556 2779 654 2859 ignes
670 2781 910 2846 versabantur.
963 2782 1165 2847 Clarissima
1186 2780 1269 2845 olim
1291 2798 1355 2862 pa-

440 3044 654 3109 ¹lerosolymlluni
672 3048 792 3113 itineris]
817 3052 867 3100 Ro·
928 3050 939 3080 ³
959 3053 1025 3114 Regi
1050 3054 1200 3101 Francorum
1222 3052 1353 3116 Hennae]

404 3116 480 3164 bert's
502 3116 647 3177 expedition
674 3125 700 3167 to
722 3122 865 3170 Jerusalem
894 3123 983 3182 Henry
994 3124 1017 3171 I.
1193 3116 1197 3123 ’
1281 3180 1283 3182 ,
1355 3148 1358 3152 ’

404 3200 459 3235 was
472 3187 497 3233 ln
510 3190 582 3235 1035.
600 3188 831 3255 (Bouq.x1.420.)
927 3190 939 3221 ⁴
955 3192 1085 3250 Interfecto
1108 3191 1245 3240 Gicleberto
1265 3208 1281 3239 u
1304 3194 1356 3240 Ru-

892 3262 980 3324 dulplro
988 3261 1168 3324 primiclerum]
1180 3261 1356 3311 ‘Gislebertus

404 3358 408 3367 .
440 3322 617 3375 ²Gislebertuc
637 3344 713 3377 omnes
737 3334 804 3378 tutor
824 3345 869 3391 pu·
893 3346 977 3380 comes
999 3332 1116 3392 Oeensis,
1133 3332 1201 3379 lilius
1220 3331 1355 3380 Godelridi

402 3396 869 3461 pilliconstitaitar.]OrdericusVita-
893 3402 1001 3461 comitis,
1022 3400 1132 3449 callidus
1154 3405 1180 3448 et
1197 3401 1269 3449 sortis
1288 3407 1357 3449 tutor

406 3468 438 3515 lis
450 3468 545 3527 writes,
555 3468 563 3494 ‘
573 3468 703 3517 Ducalum
720 3486 779 3519 vero
794 3485 867 3518 snum
894 3470 1015 3519 Willelmi
1025 3472 1108 3531 pueri,
1120 3471 1165 3519 sed
1179 3470 1284 3531 domini,
1294 3487 1357 3533 quo·

406 3537 553 3595 Guillelm0‚
570 3544 626 3587 octo
642 3555 764 3587 annorum
781 3554 869 3601 puero,
893 3541 951 3587 dam
971 3555 1043 3589 marre
1059 3540 1120 3589 dum
1137 3542 1254 3601 equitans
1269 3542 1356 3603 loque-

407 3622 455 3654 non
464 3608 592 3655 rediturus
603 3608 721 3670 reliqnit;
734 3610 868 3670 ipsumque
893 3615 963 3658 retur
980 3626 1038 3659 cum
1052 3617 1179 3673 compatre
1196 3626 1243 3661 suo
1254 3613 1359 3663 Wasce-

407 3675 495 3724 Alano'
509 3680 697 3741 consanguineo
713 3694 768 3741 suo,
788 3680 870 3726 Brito·
893 3680 945 3728 lino
967 3681 1000 3729 de
1023 3682 1104 3731 Ponte
1125 3683 1299 3745 archensem,
1320 3687 1357 3735 nil

408 3762 468 3795 num
480 3748 574 3807 comiti,
585 3747 787 3798 commendavit!
810 3749 869 3795 And
894 3750 955 3798 mali
986 3753 1129 3814 suspicans,
1150 3754 1275 3803 occiditur
1298 3772 1356 3805 cum

408 3818 498 3878 again:
522 3818 735 3866 ‘Rebellaverunt
754 3832 871 3878 proceres
895 3820 1003 3870 Fulco'io
1021 3823 1072 3870 filio
1091 3823 1189 3873 Geroii.
1223 3824 1281 3875 Hoc
1298 3843 1358 3877 vero

409 3888 572 3937 Normanniae
595 3892 681 3937 contra
703 3889 870 3939 Guillelmum
895 3891 990 3939 malum
1018 3893 1113 3942 dolosis
1140 3894 1282 3945 hortatibus
1304 3898 1357 3946 Ro·

408 3956 528 4005 infantem
543 3973 550 4015 3
570 3958 624 4019 qui,
651 3958 712 4005 dum
724 3963 797 4019 pater
815 3961 871 4021 eJus
895 3961 987 4023 dulphi
994 3964 1027 4012 de
1038 3964 1142 4013 Waceio
1151 3965 1196 4012 filii
1208 3966 1311 4015 Roberti
1319 3983 1359 4016 ar·

408 4042 466 4075 cum
489 4027 608 4087 Drogone
631 4028 720 4076 comite
743 4030 791 4077 iter
814 4030 872 4078 iniit
895 4032 1051 4094 chiepiscopi
1068 4033 1164 4083 factum
1180 4040 1227 4096 est,
1242 4052 1287 4097 per
1305 4053 1359 4086 ma-

409 4097 676 4157 Hierosolymitanum‚
700 4102 756 4147 octo
779 4100 872 4148 solum-
896 4117 945 4151 nus
967 4104 1083 4153 crudeles
1107 4105 1205 4155 Odonis
1221 4106 1312 4156 Grossi
1334 4113 1360 4156 et

408 4168 481 4215 modo
501 4171 555 4214 erat
573 4181 704 4229 annorum,
725 4174 750 4217 et
768 4184 784 4217 a
800 4175 871 4231 patre
896 4172 1004 4222 audacis
1040 4176 1143 4223 Roberti
1178 4176 1224 4224 filii
1252 4177 1359 4227 Geroiiss

408 4237 556 4285 commissus
573 4238 659 4287 tutelae
671 4239 749 4289 Alani
767 4254 871 4290 consan·
897 4242 980 4308 (Will.
1004 4244 1108 4295 Gemet.·
1125 4246 1222 4297 Histor.
1245 4248 1290 4298 lib.
1313 4262 1358 4298 vn.

408 4308 494 4368 guinei
506 4307 556 4368 sui,
567 4309 665 4359 comitis
677 4310 829 4361 Britonum.'
897 4328 920 4363 c.
932 4310 970 4377 2.)
