3100 5050
399 483 465 549 442
614 497 728 546 onsm
752 497 880 546 annun
903 495 1117 545 suenorum.
1195 480 1282 563 [mn.
1298 495 1353 542 ιιι.

401 660 570 743 spicatas,
588 656 752 721 cancellis
766 655 1004 741 apostolorum
1018 655 1229 738 praefecerat.
1275 655 1353 720 Cir-

401 759 555 824 cumibut
583 778 667 841 ergo
703 777 767 841 pro
798 758 853 821 sui
885 757 1045 822 contuitu
1077 755 1181 820 officii
1210 757 1353 840 provin-

403 861 488 937 cias,
503 866 543 923 nt
558 877 741 942 perperam
757 865 838 922 aeta
855 858 1055 940 corrigeret.
1093 855 1354 924 Aeeunebatnr

404 962 448 1025 ab
471 953 642 1024 ¹omnium
668 959 826 1024 ordinum
851 958 1059 1035 bominibus,
1084 958 1276 1024 decisiones
1302 958 1354 1022 di-

376 1079 383 1093 ·
403 1079 582 1126 versorum
598 1060 817 1142 negotiorum
827 1059 1096 1143 postulantibus.
1149 1057 1288 1124 Cuncta
1302 1052 1353 1122 'ei

404 1162 672 1227 submittebatur
688 1161 856 1225 secularis
871 1161 1042 1243 potentia,
1056 1168 1130 1225 tum
1148 1179 1211 1243 pro
1225 1161 1355 1224 saneti-

404 1264 501 1341 tatis,
518 1269 593 1327 tum
609 1281 674 1344 pro
687 1260 870 1326 ministerii
885 1261 994 1344 ipsius
1011 1261 1216 1326 reverentia.
1255 1259 1353 1326 Unde

405 1363 460 1428 die
490 1363 653 1447 quadum,
682 1382 761 1427 eum
793 1363 897 1428 solito
927 1361 1041 1447 major
1071 1355 1354 1443 ³adequitantum

405 1471 498 1528 esset
515 1471 642 1540 turma,
658 1463 766 1527 abbas
783 1461 970 1546 praedictus
991 1463 1028 1525 in
1044 1469 1201 1526 extremo
1218 1463 1355 1545 agmine

406 1585 484 1629 eum
510 1563 688 1628 monacbis
715 1563 788 1627 suis
814 1563 941 1627 sensim
965 1562 1270 1646 progrediebatur3
1302 1563 1355 1628 vi·

406 1684 514 1748 soque
536 1663 671 1728 ominus
692 1670 792 1728 tanto
813 1663 881 1729 viri
902 1663 1043 1742 honore,
1066 1663 1159 1747 quod
1181 1669 1235 1727 tot
1258 1684 1357 1728 mun·

406 1765 507 1829 danae
540 1770 732 1848 potestates
770 1771 893 1828 nutum
929 1763 1023 1827 illius
1060 1763 1358 1847 praestolarentur,

406 1864 645 1951 hujuscemodi
669 1864 862 1928 sententias
886 1864 1081 1929 ventilabat
1108 1865 1246 1930 animo:
1280 1864 1357 1930 Ho-

406 1966 623 2030 muncionem
637 1964 739 2028 exilis
753 1971 910 2042 staturae,
924 1963 1145 2048 despicabilis
1157 1966 1358 2048 parentelae,

408 2086 477 2151 quo
495 2067 563 2131 Dei
581 2065 714 2151 judicio
731 2071 785 2129 tot
799 2064 946 2130 divitum
961 2066 1067 2149 sepiri
1082 2065 1278 2131 famulitio?
1302 2075 1358 2131 tu-

408 2186 501 2231 mere
515 2166 613 2231 illurn
635 2166 875 2251 proculdubio,
893 2172 929 2230 et
943 2167 1058 2235 metiri
1078 2167 1206 2232 altiora
1221 2167 1358 2247 marito,

408 2287 472 2354 pro
488 2274 542 2331 tot
563 2266 863 2332 obambulatorum
884 2267 1063 2349 obsequio.
1115 2266 1190 2333 Vix
1209 2266 1284 2333 baec
1301 2269 1358 2356 (ut

409 2364 501 2452 dixi)
518 2375 633 2432 mente
650 2374 819 2445 versarat,
836 2387 914 2432 eum
937 2366 1210 2446 archidiaconus,
1227 2369 1359 2435 reflexo

409 2487 498 2553 equo
516 2475 552 2535 et
568 2468 761 2533 calcaribus
775 2468 896 2547 incito,
913 2487 936 2533 a
951 2468 1055 2551 longe
1073 2469 1227 2534 olamans
1243 2476 1279 2535 et
1295 2473 1358 2536 ab·

409 2571 524 2634 batem
547 2571 737 2648 obuncanS,
754 2568 845 2647 ‘.Tu,
867 2570 931 2648 tu,'
954 2567 1115 2656 (inquit)
1133 2570 1242 2635 ‘male
1264 2574 1360 2655 cogi-

410 2671 505 2748 tasti,
522 2670 611 2735 falso
637 2668 809 2734 infamans
831 2670 976 2756 hujusce
993 2671 1166 2736 duntaxat
1187 2672 1237 2736 rei
1258 2673 1359 2741 inno·

410 2778 565 2835 centem:
588 2771 766 2835 nonenim
791 2771 875 2834 mibi
900 2771 991 2835 hanc
1016 2771 1174 2854 gloriam,
1196 2772 1226 2836 si
1247 2774 1361 2855 gloria

319 2866 321 2871 ’
410 2870 478 2934 dici
504 2878 620 2953 potest
637 2891 716 2953 quae
739 2870 809 2935 cito
832 2872 971 2949 transit,
988 2872 1045 2937 vel
1068 2892 1133 2955 ego
1155 2874 1288 2957 imputo
1304 2876 1361 2941 vel

410 2973 455 3035 ab
472 2972 551 3036 aliis
568 2972 732 3053 imputari
745 2971 839 3049 volo,
859 2971 920 3036 sad
941 2972 1054 3037 beatis
1075 2974 1255 3055 apostolia,
1272 2996 1360 3059 quo-

410 3092 488 3135 rum
515 3072 697 3135 exhibetur
711 3071 920 3155 privilegio’
958 3072 1116 3137 Suffusus
1137 3074 1197 3137 ille
1217 3075 1361 3159 pudore,

411 3192 474 3236 neo
494 3171 678 3255 quicquam
694 3172 841 3236 inficiari
860 3192 978 3250 ausus,
1001 3173 1067 3238 hoe
1089 3175 1202 3239 solum
1219 3178 1359 3243 retulit:

412 3270 577 3350 ‘Quaeso
593 3271 742 3350 domine,
759 3273 931 3355 quomodo
956 3274 1048 3337 nosti
1072 3276 1263 3357 cogitatum
1288 3298 1361 3342 me-

411 3392 483 3450 um,
509 3391 611 3454 quam
635 3373 721 3436 nulli
746 3374 1041 3438 communicavil'
1092 3373 1173 3440 ‘Ab
1190 3378 1260 3441 ore’
1274 3376 1361 3464 (ait)

411 3477 504 3549 ‘tuo,
520 3474 621 3555 quasi
634 3493 697 3556 per
712 3472 861 3551 fistulas,
880 3474 925 3538 ad
941 3493 1042 3537 aures
1059 3495 1154 3540 meas
1171 3479 1283 3542 omnis
1299 3478 1364 3543 illa

409 3574 576 3655 cogitatio
590 3573 739 3637 deducta
755 3574 834 3637 est?

462 3672 570 3757 §264
594 3672 685 3737 Item
700 3674 736 3736 in
753 3674 874 3737 eadam
894 3673 1074 3757 provincia
1095 3675 1276 3741 ecclesiam
1304 3698 1363 3741 ur-

410 3774 538 3837 banam
561 3774 721 3856 ingressi,
738 3781 819 3838 ante
836 3793 932 3838 aram
955 3776 1164 3840 continuatis
1181 3784 1216 3841 et
1228 3777 1362 3862 junctis

410 3873 577 3938 lateribus
601 3891 639 3937 se
669 3882 942 3957 prostraverant.
994 3874 1039 3939 In
1067 3877 1212 3941 multam
1242 3877 1365 3946 boram

449 4114 608 4179 'Omniam.]
628 4117 657 4167 C.
675 4116 710 4167 D.
729 4114 780 4177 E.;
797 4117 876 4166 omni·
898 4116 932 4167 A.
950 4117 979 4167 S.
999 4119 1030 4168 C.
1047 4117 1082 4169 D.
1102 4116 1136 4168 E.
1153 4120 1223 4181 Ll.;
1246 4122 1284 4171 eis
1305 4126 1367 4175 sub-

412 4186 515 4249 bus,A.
528 4187 556 4237 S.
568 4187 600 4237 L.
899 4188 1051 4307 migttzb‘petu‘ri
1052 4189 1225 4323 xfflbug,
1236 4191 1298 4312 1332.⁴
1315 4267 1350 4317 ad

448 4324 509 4376 2Εἰ
527 4326 715 4377 submittebatur
735 4329 873 4394 menbris]
898 4275 1298 4392 equinnrllum,l.s'.0.1,'’
1350 4294 1364 4309 ο
