3100 5050
169 493 327 574 maru]
404 512 518 560 onsrn
543 513 669 562 aucun
693 515 908 566 ruemuuu.
1057 505 1164 569 529ι

167 671 254 736 tatis
281 673 387 736 situm
402 693 425 736 a
440 693 477 737 se
495 674 664 757 repellent
678 675 844 758 quamdiu
859 674 962 739 fuerit
977 678 1038 758 qui
1054 678 1122 742 La·

169 772 264 835 tinas
281 772 401 837 literas
417 774 523 856 legat.
577 774 717 840 Norunt
731 777 862 840 literati
878 775 970 859 quod
987 778 1121 860 loquor.

170 872 329 937 Tertium
340 872 459 938 mundi
476 873 579 940 clima
601 883 711 941 restat
727 876 880 959 Europa,
897 877 996 961 cujus
1010 899 1122 961 quan-

170 973 282 1037 tulam
304 981 439 1056 partem
463 975 696 1040 inhabitamus
714 976 928 1041 Christiani?
952 997 1032 1041 nam
1047 999 1122 1044 om·

171 1093 250 1137 nem
263 1074 361 1138 iham
373 1075 567 1139 barbariem
583 1097 661 1158 quae
684 1078 720 1140 in
742 1079 884 1142 remotis
899 1077 1023 1142 insulis
1046 1079 1121 1161 gla-

170 1173 294 1238 cialem
321 1175 520 1258 frequentat
544 1195 724 1255 oceanum,
741 1179 825 1260 quia
850 1197 946 1241 more
969 1179 1122 1245 belluino

169 1273 322 1352 victitat,
338 1273 571 1340 Christianam
590 1277 669 1358 quis
693 1278 847 1342 dixerit?
883 1276 986 1342 Hanc
1013 1280 1123 1361 igitur

168 1375 283 1439 nostri
296 1377 413 1439 mundi
429 1377 683 1459 portiunculam
693 1378 799 1441 Turci
814 1383 850 1441 et
866 1377 1032 1442 Saraceni
1048 1381 1122 1445 bel·

170 1474 206 1538 lo
230 1484 412 1557 premunt3
431 1477 575 1560 jamque
592 1497 614 1541 a
629 1479 794 1542 trecentis
820 1479 922 1542 annis
946 1478 1122 1562 Hispania

167 1582 209 1639 et
232 1575 437 1642 Balearibus
457 1577 580 1640 insulis
602 1578 812 1662 subjugatis,
836 1579 928 1661 quod
952 1579 1121 1662 reliquum

170 1683 228 1741 est
243 1695 306 1759 spe
323 1677 502 1754 devorant,
519 1677 674 1743 homines
696 1679 908 1756 inertissimi,
924 1686 960 1743 et
974 1681 1046 1762 qui,
1063 1701 1121 1746 co·

172 1776 293 1841 minus,
319 1777 497 1860 pugnandi
521 1778 682 1842 fiduciam
704 1799 775 1843 non
804 1779 983 1857 habentes,
1010 1780 1121 1864 fugax

172 1875 302 1941 bellum
328 1877 488 1960 diligunt.
541 1877 732 1962 Nunquam
754 1879 845 1943 enim
873 1879 1010 1944 Turcus
1034 1883 1122 1964 pede

172 1984 333 2042 conserto
357 1986 503 2060 martem
535 1978 651 2056 audet,
675 1978 736 2042 sed
764 1980 886 2063 pulsus
915 1981 993 2044 loco
1018 1981 1122 2065 longe

171 2078 285 2140 tendit
314 2097 452 2157 nervos,
484 2085 520 2143 et
550 2080 720 2163 permittit
745 2079 891 2144 vulnera
915 2082 1051 2162 ventis3
1085 2090 1122 2148 et

173 2178 336 2258 quoniam
350 2167 456 2243 hahet
470 2179 541 2244 tela
556 2180 732 2244 mortifero
749 2199 854 2244 succo
877 2180 985 2258 ebria,
1001 2174 1037 2245 in
1059 2181 1121 2247 ho·

172 2277 299 2341 minem
315 2298 417 2361 quem
439 2278 599 2363 percutit,
619 2301 689 2344 non
703 2279 815 2345 virtus
836 2281 897 2344 sed
912 2282 1007 2345 virus
1029 2303 1121 2347 mor·

170 2384 243 2440 tem
266 2377 362 2444 facit.
389 2427 391 2431 -
414 2378 587 2461 Quicquid
611 2379 718 2462 igitur
747 2381 834 2463 agit,
861 2380 1021 2460 fortunae,
1050 2404 1120 2448 non

172 2476 380 2558 fortitudini,
395 2479 623 2560 attribuerim,
640 2479 734 2564 quod
755 2489 891 2566 pugnat
904 2481 990 2565 fuga
1008 2491 1045 2547 et
1059 2504 1119 2549 ve-

172 2599 273 2645 neno.
326 2576 474 2645 Constat
490 2581 644 2665 profecto
672 2582 764 2664 quod
787 2584 907 2645 omnis¹
923 2584 1020 2649 natio
1042 2604 1119 2666 quae

170 2679 207 2743 in
229 2700 272 2745 ea
287 2681 395 2763 plaga
411 2682 577 2760 nascitur,
594 2682 701 2746 nimio
724 2682 809 2747 solis
830 2682 953 2747 ardore
977 2685 1119 2764 siccata,

169 2782 321 2864 amplius
338 2781 475 2866 quidem
499 2780 602 2865 Sapit,
626 2781 686 2846 sed
709 2782 824 2846 minus
849 2782 954 2848 habet
976 2787 1118 2867 sangui·

171 2880 245 2961 nis;
269 2882 416 2965 ideoque
432 2883 581 2947 vicinam
602 2901 756 2965 pugnam
778 2883 928 2965 lugiunt,
953 2887 1034 2967 quia
1056 2905 1118 2968 pa·

168 3000 246 3043 rum
274 2980 454 3063 sanguinis
484 3002 522 3047 se
546 2981 674 3047 habere
697 2990 835 3047 norunt.
888 2982 1031 3062 Contra,
1055 3006 1117 3068 po-

169 3081 273 3163 pulus
290 3082 350 3165 qui
367 3084 531 3147 oriturin
546 3084 674 3147 arctois
690 3084 834 3166 pruinis,
846 3090 881 3147 et
896 3093 1049 3149 remotus
1064 3093 1118 3150 est

168 3198 192 3244 a
213 3182 298 3245 solis
315 3182 508 3260 ardoribus,
526 3183 753 3248 inconsultior
768 3183 919 3266 quidem,
933 3186 995 3248 sed
1017 3184 1117 3267 largo

168 3288 207 3345 et
237 3281 429 3347 luxurianti
461 3285 629 3367 superbas
661 3284 831 3365 sanguine
861 3286 1117 3367 promptissime

169 3389 315 3464 pugnat.
360 3383 437 3449 Vos
457 3386 541 3449 estis
566 3403 651 3466 gens
677 3403 755 3467 quae
778 3384 1116 3467 intemperatioribus

166 3482 292 3546 mundi
320 3484 508 3566 provinciis
535 3485 700 3565 oriunda;
732 3484 794 3567 qui
819 3485 896 3549 sitis
919 3491 956 3548 et
980 3487 1116 3568 prodigi

169 3584 351 3665 sanguinis
379 3583 423 3647 ad
448 3585 570 3649 mortis
597 3584 846 3668 vulnerumque
868 3591 1115 3668 contemptum,

168 3689 206 3747 et
219 3703 291 3747 non
306 3684 454 3749 careatis
466 3685 668 3767 prudentia:
695 3704 844 3767 namque
860 3691 896 3748 et
911 3684 1114 3750 modestiam

169 3784 317 3848 servatis
332 3785 369 3848 in
390 3785 526 3862 castris,
540 3792 575 3849 ct
592 3785 628 3849 in
641 3784 863 3849 dimicatione
879 3785 1016 3850 utimini
1033 3805 1115 3849 con-

168 3882 256 3947 siliis
270 3903 279 3963 ;
305 3885 436 3968 itaque,
453 3886 599 3949 scientia
615 3891 651 3948 et
664 3885 866 3950 fortitudine
885 3885 1033 3968 praediti,
1051 3905 1114 3968 ag·

168 3982 351 4065 gredimini
366 3985 586 4050 memorabile
597 3986 674 4050 itera
726 3984 827 4050 Totis
842 3986 968 4050 seculis
989 3986 1114 4069 praedi-

168 4084 282 4162 candi,
304 4084 334 4149 si
357 4084 482 4150 fratres
498 4091 633 4150 vestros
654 4085 808 4169 periculo
829 4088 1007 4165 exueritis,
1024 4107 1114 4169 prae·

167 4185 324 4249 sentibus
356 4204 401 4249 ex
434 4186 502 4251 Dei
533 4186 670 4249 nomine
700 4184 877 4268 praecipiti,
914 4188 1114 4251 absentibus

166 4284 305 4349 mando.
359 4284 449 4351 Ituri
478 4294 513 4351 ct
537 4285 834 4351 christianitatem
862 4288 1115 4373 propugnaturi
