<?xml version="1.0" encoding="UTF-8"?>
<!DOCTYPE html PUBLIC "-//W3C//DTD XHTML 1.0 Transitional//EN"
    "http://www.w3.org/TR/xhtml1/DTD/xhtml1-transitional.dtd">
<html xmlns="http://www.w3.org/1999/xhtml" xml:lang="en" lang="en">
 <head>
  <title>
</title>
<meta http-equiv="Content-Type" content="text/html;charset=utf-8" />
  <meta name='ocr-system' content='tesseract 3.04.00' />
  <meta name='ocr-capabilities' content='ocr_page ocr_carea ocr_par ocr_line ocrx_word'/>
</head>
<body>
  <div class='ocr_page' id='page_1' title='image "./willelmimalmesb02willgoog_0085.png"; bbox 0 0 3100 5050; ppageno 0'>
   <div class='ocr_carea' id='block_1_1' title="bbox 162 511 1116 594">
    <p class='ocr_par' dir='ltr' id='par_1_1' title="bbox 162 511 1116 594">
     <span class='ocr_line' id='line_1_1' title="bbox 162 511 1116 594; baseline 0.003 -18"><span class='ocrx_word' id='word_1_1' title='bbox 162 529 233 576; x_wconf 78' lang='lat' dir='ltr'><strong>nis.</strong></span> <span class='ocrx_word' id='word_1_2' title='bbox 250 511 322 594; x_wconf 79' lang='grc' dir='ltr'>ιιι]</span> <span class='ocrx_word' id='word_1_3' title='bbox 383 525 498 585; x_wconf 77' lang='lat' dir='ltr'><strong>casm</strong></span> <span class='ocrx_word' id='word_1_4' title='bbox 521 528 649 578; x_wconf 79' lang='lat' dir='ltr'><strong>annun</strong></span> <span class='ocrx_word' id='word_1_5' title='bbox 673 527 890 579; x_wconf 72' lang='lat' dir='ltr'><strong>suenorum,</strong></span> <span class='ocrx_word' id='word_1_6' title='bbox 1049 513 1116 579; x_wconf 81' lang='grc'><strong>465</strong></span> 
     </span>
    </p>
   </div>
   <div class='ocr_carea' id='block_1_2' title="bbox 160 684 1116 852">
    <p class='ocr_par' dir='ltr' id='par_1_2' title="bbox 160 684 1116 852">
     <span class='ocr_line' id='line_1_2' title="bbox 160 684 1116 771; baseline 0.001 -22"><span class='ocrx_word' id='word_1_7' title='bbox 160 684 373 768; x_wconf 78' lang='lat' dir='ltr'><strong>eloquentia,</strong></span> <span class='ocrx_word' id='word_1_8' title='bbox 393 687 457 750; x_wconf 91' lang='lat' dir='ltr'><strong>tali</strong></span> <span class='ocrx_word' id='word_1_9' title='bbox 483 693 585 768; x_wconf 81' lang='lat' dir='ltr'><strong>gestu</strong></span> <span class='ocrx_word' id='word_1_10' title='bbox 610 685 767 771; x_wconf 76' lang='lat' dir='ltr'><strong>procedit</strong></span> <span class='ocrx_word' id='word_1_11' title='bbox 792 705 920 751; x_wconf 86' lang='lat' dir='ltr'><strong>aureus</strong></span> <span class='ocrx_word' id='word_1_12' title='bbox 940 687 1050 770; x_wconf 87' lang='lat' dir='ltr'><strong>lepos,</strong></span> <span class='ocrx_word' id='word_1_13' title='bbox 1073 705 1116 750; x_wconf 89' lang='lat' dir='ltr'><strong>eo</strong></span> 
     </span>
     <span class='ocr_line' id='line_1_3' title="bbox 163 786 266 852; baseline 0.029 -3"><span class='ocrx_word' id='word_1_14' title='bbox 163 786 266 852; x_wconf 93' lang='lat' dir='ltr'><strong>modo</strong></span> 
     </span>
    </p>
   </div>
   <div class='ocr_carea' id='block_1_3' title="bbox 236 933 1032 1018">
    <p class='ocr_par' dir='ltr' id='par_1_3' title="bbox 236 933 1032 1018">
     <span class='ocr_line' id='line_1_4' title="bbox 236 933 1032 1018; baseline 0 -20"><span class='ocrx_word' id='word_1_15' title='bbox 236 941 258 989; x_wconf 87' lang='lat'><strong>.‘</strong></span> <span class='ocrx_word' id='word_1_16' title='bbox 271 935 471 1018; x_wconf 86' lang='lat' dir='ltr'><strong>Purpureos</strong></span> <span class='ocrx_word' id='word_1_17' title='bbox 488 933 591 998; x_wconf 87' lang='lat' dir='ltr'><strong>fiores</strong></span> <span class='ocrx_word' id='word_1_18' title='bbox 607 933 720 998; x_wconf 84' lang='lat' dir='ltr'><strong>fundit</strong></span> <span class='ocrx_word' id='word_1_19' title='bbox 735 933 896 999; x_wconf 84' lang='lat' dir='ltr'>facundia</span> <span class='ocrx_word' id='word_1_20' title='bbox 910 934 1032 999; x_wconf 90' lang='lat' dir='ltr'><strong>dives.&#39;</strong></span> 
     </span>
    </p>
   </div>
   <div class='ocr_carea' id='block_1_4' title="bbox 166 1084 1121 1863">
    <p class='ocr_par' dir='ltr' id='par_1_4' title="bbox 166 1084 1121 1863">
     <span class='ocr_line' id='line_1_5' title="bbox 166 1084 1119 1167; baseline 0 -20"><span class='ocrx_word' id='word_1_21' title='bbox 166 1084 413 1166; x_wconf 84' lang='lat' dir='ltr'><strong>Berengarius,</strong></span> <span class='ocrx_word' id='word_1_22' title='bbox 428 1085 530 1166; x_wconf 85' lang='lat' dir='ltr'><strong>plane</strong></span> <span class='ocrx_word' id='word_1_23' title='bbox 547 1084 706 1167; x_wconf 91' lang='lat' dir='ltr'><strong>quamvis</strong></span> <span class='ocrx_word' id='word_1_24' title='bbox 722 1084 798 1166; x_wconf 89' lang='lat' dir='ltr'><strong>ipse</strong></span> <span class='ocrx_word' id='word_1_25' title='bbox 819 1084 1028 1149; x_wconf 89' lang='lat' dir='ltr'><strong>sententiam</strong></span> <span class='ocrx_word' id='word_1_26' title='bbox 1043 1105 1119 1150; x_wconf 88' lang='lat' dir='ltr'><strong>cor-</strong></span> 
     </span>
     <span class='ocr_line' id='line_1_6' title="bbox 166 1183 1120 1267; baseline 0.004 -21"><span class='ocrx_word' id='word_1_27' title='bbox 166 1185 307 1261; x_wconf 83' lang='lat' dir='ltr'><strong>rexerit,</strong></span> <span class='ocrx_word' id='word_1_28' title='bbox 323 1203 442 1248; x_wconf 91' lang='lat' dir='ltr'><strong>omnes</strong></span> <span class='ocrx_word' id='word_1_29' title='bbox 460 1203 548 1267; x_wconf 90' lang='lat' dir='ltr'><strong>quos</strong></span> <span class='ocrx_word' id='word_1_30' title='bbox 570 1203 616 1247; x_wconf 90' lang='lat' dir='ltr'><strong>ex</strong></span> <span class='ocrx_word' id='word_1_31' title='bbox 635 1183 720 1248; x_wconf 89' lang='lat' dir='ltr'><strong>totis</strong></span> <span class='ocrx_word' id='word_1_32' title='bbox 743 1184 846 1248; x_wconf 88' lang='lat' dir='ltr'><strong>terris</strong></span> <span class='ocrx_word' id='word_1_33' title='bbox 868 1183 1120 1267; x_wconf 79' lang='lat' dir='ltr'><strong>depravaverat</strong></span> 
     </span>
     <span class='ocr_line' id='line_1_7' title="bbox 166 1283 1120 1367; baseline 0.003 -21"><span class='ocrx_word' id='word_1_34' title='bbox 166 1292 368 1349; x_wconf 89' lang='lat' dir='ltr'><strong>convertere</strong></span> <span class='ocrx_word' id='word_1_35' title='bbox 383 1284 559 1367; x_wconf 83' lang='lat' dir='ltr'><strong>nequivit3</strong></span> <span class='ocrx_word' id='word_1_36' title='bbox 583 1283 668 1348; x_wconf 90' lang='lat' dir='ltr'><strong>adeo</strong></span> <span class='ocrx_word' id='word_1_37' title='bbox 683 1285 869 1366; x_wconf 89' lang='lat' dir='ltr'><strong>pessimum</strong></span> <span class='ocrx_word' id='word_1_38' title='bbox 885 1291 939 1348; x_wconf 89' lang='lat' dir='ltr'><strong>est</strong></span> <span class='ocrx_word' id='word_1_39' title='bbox 954 1285 1042 1350; x_wconf 89' lang='lat' dir='ltr'><strong>alios</strong></span> <span class='ocrx_word' id='word_1_40' title='bbox 1057 1305 1120 1349; x_wconf 90' lang='lat' dir='ltr'><strong>ex·</strong></span> 
     </span>
     <span class='ocr_line' id='line_1_8' title="bbox 167 1383 1120 1466; baseline 0.003 -19"><span class='ocrx_word' id='word_1_41' title='bbox 167 1384 282 1466; x_wconf 91' lang='lat' dir='ltr'><strong>emplo</strong></span> <span class='ocrx_word' id='word_1_42' title='bbox 300 1385 357 1449; x_wconf 91' lang='lat' dir='ltr'><strong>vel</strong></span> <span class='ocrx_word' id='word_1_43' title='bbox 374 1385 480 1448; x_wconf 88' lang='lat' dir='ltr'><strong>verbo</strong></span> <span class='ocrx_word' id='word_1_44' title='bbox 498 1403 520 1447; x_wconf 92' lang='lat' dir='ltr'><strong>a</strong></span> <span class='ocrx_word' id='word_1_45' title='bbox 535 1385 627 1448; x_wconf 90' lang='lat' dir='ltr'><strong>bono</strong></span> <span class='ocrx_word' id='word_1_46' title='bbox 650 1383 838 1461; x_wconf 88' lang='lat' dir='ltr'><strong>infirmare,</strong></span> <span class='ocrx_word' id='word_1_47' title='bbox 857 1385 941 1466; x_wconf 89' lang='lat' dir='ltr'><strong>quia</strong></span> <span class='ocrx_word' id='word_1_48' title='bbox 963 1384 1120 1450; x_wconf 77' lang='lat' dir='ltr'><strong>fortassis</strong></span> 
     </span>
     <span class='ocr_line' id='line_1_9' title="bbox 166 1483 1120 1567; baseline 0.001 -19"><span class='ocrx_word' id='word_1_49' title='bbox 166 1490 349 1567; x_wconf 87' lang='lat' dir='ltr'><strong>peccatum</strong></span> <span class='ocrx_word' id='word_1_50' title='bbox 370 1491 406 1548; x_wconf 89' lang='lat' dir='ltr'><strong>te</strong></span> <span class='ocrx_word' id='word_1_51' title='bbox 426 1485 589 1567; x_wconf 70' lang='lat' dir='ltr'><strong>gravabit</strong></span> <span class='ocrx_word' id='word_1_52' title='bbox 605 1483 767 1561; x_wconf 89' lang='lat' dir='ltr'><strong>alienum,</strong></span> <span class='ocrx_word' id='word_1_53' title='bbox 785 1502 864 1547; x_wconf 91' lang='lat' dir='ltr'><strong>cum</strong></span> <span class='ocrx_word' id='word_1_54' title='bbox 879 1484 1030 1549; x_wconf 88' lang='lat' dir='ltr'><strong>deletum</strong></span> <span class='ocrx_word' id='word_1_55' title='bbox 1045 1485 1120 1550; x_wconf 83' lang='lat' dir='ltr'><strong>fue-</strong></span> 
     </span>
     <span class='ocr_line' id='line_1_10' title="bbox 167 1579 1119 1666; baseline 0.002 -18"><span class='ocrx_word' id='word_1_56' title='bbox 167 1585 213 1648; x_wconf 85' lang='lat' dir='ltr'><strong>rit</strong></span> <span class='ocrx_word' id='word_1_57' title='bbox 235 1591 346 1648; x_wconf 85' lang='lat' dir='ltr'><strong>tuum.</strong></span> <span class='ocrx_word' id='word_1_58' title='bbox 400 1582 503 1662; x_wconf 82' lang='lat' dir='ltr'><strong>Quod</strong></span> <span class='ocrx_word' id='word_1_59' title='bbox 528 1585 727 1666; x_wconf 87' lang='lat' dir='ltr'><strong>episcopum</strong></span> <span class='ocrx_word' id='word_1_60' title='bbox 751 1582 1001 1648; x_wconf 88' lang='lat' dir='ltr'><strong>Carnotensem</strong></span> <span class='ocrx_word' id='word_1_61' title='bbox 1016 1579 1119 1650; x_wconf 76' lang='grc' dir='ltr'><strong>1Ι·ἰι1-</strong></span> 
     </span>
     <span class='ocr_line' id='line_1_11' title="bbox 168 1684 1121 1767; baseline 0.003 -19"><span class='ocrx_word' id='word_1_62' title='bbox 168 1685 318 1763; x_wconf 89' lang='lat' dir='ltr'><strong>bertum,</strong></span> <span class='ocrx_word' id='word_1_63' title='bbox 327 1703 429 1767; x_wconf 90' lang='lat' dir='ltr'><strong>quem</strong></span> <span class='ocrx_word' id='word_1_64' title='bbox 444 1684 585 1750; x_wconf 87' lang='lat' dir='ltr'><strong>Domini</strong></span> <span class='ocrx_word' id='word_1_65' title='bbox 599 1692 711 1748; x_wconf 91' lang='lat' dir='ltr'><strong>mater</strong></span> <span class='ocrx_word' id='word_1_66' title='bbox 726 1684 842 1748; x_wconf 87' lang='lat' dir='ltr'><strong>Maria</strong></span> <span class='ocrx_word' id='word_1_67' title='bbox 854 1684 935 1748; x_wconf 91' lang='lat' dir='ltr'><strong>olim</strong></span> <span class='ocrx_word' id='word_1_68' title='bbox 950 1693 1121 1766; x_wconf 85' lang='lat' dir='ltr'><strong>aegrotum</strong></span> 
     </span>
     <span class='ocr_line' id='line_1_12' title="bbox 167 1783 1121 1863; baseline -0.001 -13"><span class='ocrx_word' id='word_1_69' title='bbox 167 1784 259 1852; x_wconf 89' lang='lat' dir='ltr'><strong>lacte</strong></span> <span class='ocrx_word' id='word_1_70' title='bbox 286 1783 551 1848; x_wconf 88' lang='lat' dir='ltr'><strong>mammillarum</strong></span> <span class='ocrx_word' id='word_1_71' title='bbox 578 1803 717 1848; x_wconf 88' lang='lat' dir='ltr'><strong>suarum</strong></span> <span class='ocrx_word' id='word_1_72' title='bbox 740 1784 819 1849; x_wconf 90' lang='lat' dir='ltr'><strong>visa</strong></span> <span class='ocrx_word' id='word_1_73' title='bbox 847 1783 961 1849; x_wconf 86' lang='lat' dir='ltr'><strong>fuerat</strong></span> <span class='ocrx_word' id='word_1_74' title='bbox 986 1804 1121 1863; x_wconf 88' lang='lat' dir='ltr'><strong>sanare,</strong></span> 
     </span>
    </p>
   </div>
   <div class='ocr_carea' id='block_1_5' title="bbox 1130 708 1258 808">
    <p class='ocr_par' dir='ltr' id='par_1_5' title="bbox 1130 708 1258 808">
     <span class='ocr_line' id='line_1_13' title="bbox 1130 708 1258 749; baseline -0.016 0"><span class='ocrx_word' id='word_1_75' title='bbox 1130 708 1258 749; x_wconf 73' lang='grc' dir='ltr'>ιωωιιιοι</span> 
     </span>
     <span class='ocr_line' id='line_1_14' title="bbox 1130 759 1244 808; baseline 0 -10"><span class='ocrx_word' id='word_1_76' title='bbox 1130 759 1244 808; x_wconf 66' lang='lat' dir='ltr'><strong>aum.</strong></span> 
     </span>
    </p>
   </div>
   <div class='ocr_carea' id='block_1_6' title="bbox 167 1884 1175 1968">
    <p class='ocr_par' dir='ltr' id='par_1_6' title="bbox 167 1884 1175 1968">
     <span class='ocr_line' id='line_1_15' title="bbox 167 1884 1175 1968; baseline 0.004 -21"><span class='ocrx_word' id='word_1_77' title='bbox 167 1885 374 1968; x_wconf 84' lang='lat' dir='ltr'><strong>praedixisse</strong></span> <span class='ocrx_word' id='word_1_78' title='bbox 389 1884 505 1950; x_wconf 89' lang='lat' dir='ltr'><strong>aiunt:</strong></span> <span class='ocrx_word' id='word_1_79' title='bbox 530 1903 610 1948; x_wconf 88' lang='lat' dir='ltr'><strong>nam</strong></span> <span class='ocrx_word' id='word_1_80' title='bbox 630 1904 709 1948; x_wconf 90' lang='lat' dir='ltr'><strong>cum</strong></span> <span class='ocrx_word' id='word_1_81' title='bbox 729 1884 765 1948; x_wconf 92' lang='lat' dir='ltr'><strong>in</strong></span> <span class='ocrx_word' id='word_1_82' title='bbox 783 1885 947 1948; x_wconf 82' lang='lat' dir='ltr'><strong>extremis</strong></span> <span class='ocrx_word' id='word_1_83' title='bbox 969 1887 1122 1968; x_wconf 90' lang='lat' dir='ltr'><strong>positum</strong></span> <span class='ocrx_word' id='word_1_84' title='bbox 1165 1889 1175 1912; x_wconf 75' lang='lat'>&#39;</span> 
     </span>
    </p>
   </div>
   <div class='ocr_carea' id='block_1_7' title="bbox 169 1984 1123 2468">
    <p class='ocr_par' dir='ltr' id='par_1_7' title="bbox 169 1984 1123 2468">
     <span class='ocr_line' id='line_1_16' title="bbox 169 1984 1122 2066; baseline 0.003 -18"><span class='ocrx_word' id='word_1_85' title='bbox 169 1985 271 2049; x_wconf 88' lang='lat' dir='ltr'><strong>multi</strong></span> <span class='ocrx_word' id='word_1_86' title='bbox 285 1985 479 2063; x_wconf 70' lang='lat' dir='ltr'><strong>visitarent,</strong></span> <span class='ocrx_word' id='word_1_87' title='bbox 507 1992 543 2049; x_wconf 91' lang='lat' dir='ltr'><strong>et</strong></span> <span class='ocrx_word' id='word_1_88' title='bbox 565 1984 690 2049; x_wconf 85' lang='lat' dir='ltr'><strong>aedium</strong></span> <span class='ocrx_word' id='word_1_89' title='bbox 712 1985 890 2066; x_wconf 85' lang='lat' dir='ltr'><strong>capacitas</strong></span> <span class='ocrx_word' id='word_1_90' title='bbox 904 1985 967 2049; x_wconf 86' lang='lat' dir='ltr'><strong>vix</strong></span> <span class='ocrx_word' id='word_1_91' title='bbox 988 1987 1122 2051; x_wconf 88' lang='lat' dir='ltr'><strong>conflu-</strong></span> 
     </span>
     <span class='ocr_line' id='line_1_17' title="bbox 171 2083 1121 2167; baseline 0.002 -18"><span class='ocrx_word' id='word_1_92' title='bbox 171 2085 310 2151; x_wconf 88' lang='lat' dir='ltr'><strong>entibus</strong></span> <span class='ocrx_word' id='word_1_93' title='bbox 338 2083 521 2163; x_wconf 88' lang='lat' dir='ltr'><strong>sufficeret,</strong></span> <span class='ocrx_word' id='word_1_94' title='bbox 547 2084 606 2148; x_wconf 91' lang='lat' dir='ltr'><strong>ille</strong></span> <span class='ocrx_word' id='word_1_95' title='bbox 631 2085 724 2148; x_wconf 88' lang='lat' dir='ltr'><strong>inter</strong></span> <span class='ocrx_word' id='word_1_96' title='bbox 752 2085 932 2167; x_wconf 89' lang='lat' dir='ltr'><strong>oppositas</strong></span> <span class='ocrx_word' id='word_1_97' title='bbox 962 2093 1121 2151; x_wconf 90' lang='lat' dir='ltr'><strong>catervas</strong></span> 
     </span>
     <span class='ocr_line' id='line_1_18' title="bbox 170 2185 1123 2268; baseline -0.001 -18"><span class='ocrx_word' id='word_1_98' title='bbox 170 2187 272 2250; x_wconf 90' lang='lat' dir='ltr'><strong>oculo</strong></span> <span class='ocrx_word' id='word_1_99' title='bbox 288 2185 393 2266; x_wconf 83' lang='lat' dir='ltr'><strong>longe</strong></span> <span class='ocrx_word' id='word_1_100' title='bbox 406 2185 564 2263; x_wconf 75' lang='lat' dir='ltr'><strong>rimatuS,</strong></span> <span class='ocrx_word' id='word_1_101' title='bbox 574 2185 825 2266; x_wconf 73' lang='lat' dir='ltr'><strong>Berengarium</strong></span> <span class='ocrx_word' id='word_1_102' title='bbox 839 2185 918 2249; x_wconf 89' lang='lat' dir='ltr'><strong>nisu</strong></span> <span class='ocrx_word' id='word_1_103' title='bbox 931 2205 1000 2268; x_wconf 92' lang='lat' dir='ltr'><strong>qno</strong></span> <span class='ocrx_word' id='word_1_104' title='bbox 1010 2186 1123 2250; x_wconf 90' lang='lat' dir='ltr'><strong>valuit</strong></span> 
     </span>
     <span class='ocr_line' id='line_1_19' title="bbox 171 2284 1122 2368; baseline 0.003 -20"><span class='ocrx_word' id='word_1_105' title='bbox 171 2285 415 2368; x_wconf 90' lang='lat' dir='ltr'><strong>expellendum</strong></span> <span class='ocrx_word' id='word_1_106' title='bbox 433 2286 581 2362; x_wconf 88' lang='lat' dir='ltr'><strong>censuit,</strong></span> <span class='ocrx_word' id='word_1_107' title='bbox 606 2291 820 2367; x_wconf 89' lang='lat' dir='ltr'><strong>protestatus</strong></span> <span class='ocrx_word' id='word_1_108' title='bbox 843 2284 1028 2349; x_wconf 88' lang='lat' dir='ltr'><strong>immanem</strong></span> <span class='ocrx_word' id='word_1_109' title='bbox 1050 2287 1122 2351; x_wconf 81' lang='lat' dir='ltr'><strong>dae-</strong></span> 
     </span>
     <span class='ocr_line' id='line_1_20' title="bbox 169 2385 1122 2468; baseline 0.004 -20"><span class='ocrx_word' id='word_1_110' title='bbox 169 2405 309 2450; x_wconf 90' lang='lat' dir='ltr'><strong>monem</strong></span> <span class='ocrx_word' id='word_1_111' title='bbox 337 2392 480 2468; x_wconf 88' lang='lat' dir='ltr'><strong>propter</strong></span> <span class='ocrx_word' id='word_1_112' title='bbox 509 2405 587 2449; x_wconf 90' lang='lat' dir='ltr'><strong>eum</strong></span> <span class='ocrx_word' id='word_1_113' title='bbox 619 2385 821 2463; x_wconf 89' lang='lat' dir='ltr'><strong>consistere,</strong></span> <span class='ocrx_word' id='word_1_114' title='bbox 849 2385 1046 2468; x_wconf 89' lang='lat' dir='ltr'><strong>multosque</strong></span> <span class='ocrx_word' id='word_1_115' title='bbox 1077 2387 1122 2451; x_wconf 90' lang='lat' dir='ltr'><strong>ad</strong></span> 
     </span>
    </p>
   </div>
   <div class='ocr_carea' id='block_1_8' title="bbox 172 2484 1229 2568">
    <p class='ocr_par' dir='ltr' id='par_1_8' title="bbox 172 2484 1229 2568">
     <span class='ocr_line' id='line_1_21' title="bbox 172 2484 1229 2568; baseline 0.002 -17"><span class='ocrx_word' id='word_1_116' title='bbox 172 2506 250 2551; x_wconf 91' lang='lat' dir='ltr'><strong>eum</strong></span> <span class='ocrx_word' id='word_1_117' title='bbox 265 2485 480 2568; x_wconf 92' lang='lat' dir='ltr'><strong>sequendum</strong></span> <span class='ocrx_word' id='word_1_118' title='bbox 501 2484 700 2550; x_wconf 83' lang='lat' dir='ltr'><strong>blandiente</strong></span> <span class='ocrx_word' id='word_1_119' title='bbox 722 2504 827 2549; x_wconf 84' lang='lat' dir='ltr'><strong>manu</strong></span> <span class='ocrx_word' id='word_1_120' title='bbox 848 2491 885 2551; x_wconf 86' lang='lat' dir='ltr'><strong>et</strong></span> <span class='ocrx_word' id='word_1_121' title='bbox 905 2485 997 2551; x_wconf 89' lang='lat' dir='ltr'><strong>illice</strong></span> <span class='ocrx_word' id='word_1_122' title='bbox 1017 2487 1122 2553; x_wconf 83' lang='lat' dir='ltr'><strong>anhe·</strong></span> <span class='ocrx_word' id='word_1_123' title='bbox 1222 2543 1229 2561; x_wconf 84' lang='grc'><strong><em>,</em></strong></span> 
     </span>
    </p>
   </div>
   <div class='ocr_carea' id='block_1_9' title="bbox 169 2585 1127 4068">
    <p class='ocr_par' dir='ltr' id='par_1_9' title="bbox 169 2585 1127 4068">
     <span class='ocr_line' id='line_1_22' title="bbox 171 2585 1123 2669; baseline 0.003 -20"><span class='ocrx_word' id='word_1_124' title='bbox 171 2587 238 2651; x_wconf 92' lang='lat' dir='ltr'><strong>litu</strong></span> <span class='ocrx_word' id='word_1_125' title='bbox 262 2605 503 2668; x_wconf 79' lang='lat' dir='ltr'><strong>corrumpere3</strong></span> <span class='ocrx_word' id='word_1_126' title='bbox 525 2586 608 2669; x_wconf 90' lang='lat' dir='ltr'><strong>quin</strong></span> <span class='ocrx_word' id='word_1_127' title='bbox 632 2592 667 2649; x_wconf 92' lang='lat' dir='ltr'><strong>et</strong></span> <span class='ocrx_word' id='word_1_128' title='bbox 688 2586 763 2668; x_wconf 90' lang='lat' dir='ltr'><strong>ipse</strong></span> <span class='ocrx_word' id='word_1_129' title='bbox 779 2585 835 2651; x_wconf 85' lang='lat' dir='ltr'><strong>die</strong></span> <span class='ocrx_word' id='word_1_130' title='bbox 850 2586 1123 2669; x_wconf 89' lang='lat' dir='ltr'><strong>Epiphaniorum</strong></span> 
     </span>
     <span class='ocr_line' id='line_1_23' title="bbox 171 2685 1124 2770; baseline 0.002 -19"><span class='ocrx_word' id='word_1_131' title='bbox 171 2687 336 2764; x_wconf 89' lang='lat' dir='ltr'><strong>moriens,</strong></span> <span class='ocrx_word' id='word_1_132' title='bbox 371 2686 572 2768; x_wconf 88' lang='lat' dir='ltr'><strong>gemituque</strong></span> <span class='ocrx_word' id='word_1_133' title='bbox 602 2686 771 2768; x_wconf 90' lang='lat' dir='ltr'><strong>producto</strong></span> <span class='ocrx_word' id='word_1_134' title='bbox 809 2685 1010 2752; x_wconf 88' lang='lat' dir='ltr'><strong>recordatus</strong></span> <span class='ocrx_word' id='word_1_135' title='bbox 1038 2697 1124 2770; x_wconf 89' lang='lat' dir='ltr'><strong>quot</strong></span> 
     </span>
     <span class='ocr_line' id='line_1_24' title="bbox 171 2785 1123 2869; baseline 0.003 -20"><span class='ocrx_word' id='word_1_136' title='bbox 171 2788 317 2851; x_wconf 88' lang='lat' dir='ltr'><strong>miseros</strong></span> <span class='ocrx_word' id='word_1_137' title='bbox 331 2785 505 2869; x_wconf 90' lang='lat' dir='ltr'><strong>quondam</strong></span> <span class='ocrx_word' id='word_1_138' title='bbox 528 2786 728 2851; x_wconf 87' lang='lat' dir='ltr'><strong>adolescens</strong></span> <span class='ocrx_word' id='word_1_139' title='bbox 744 2787 855 2869; x_wconf 89' lang='lat' dir='ltr'><strong>primo</strong></span> <span class='ocrx_word' id='word_1_140' title='bbox 867 2788 994 2851; x_wconf 87' lang='lat' dir='ltr'><strong>erroris</strong></span> <span class='ocrx_word' id='word_1_141' title='bbox 1009 2790 1123 2852; x_wconf 89' lang='lat' dir='ltr'><strong>calore</strong></span> 
     </span>
     <span class='ocr_line' id='line_1_25' title="bbox 173 2884 1123 2972; baseline 0.001 -22"><span class='ocrx_word' id='word_1_142' title='bbox 173 2894 271 2951; x_wconf 86' lang='lat' dir='ltr'><strong>secta</strong></span> <span class='ocrx_word' id='word_1_143' title='bbox 284 2905 351 2949; x_wconf 89' lang='lat' dir='ltr'><strong>sua</strong></span> <span class='ocrx_word' id='word_1_144' title='bbox 364 2885 535 2962; x_wconf 89' lang='lat' dir='ltr'><strong>infecerit,</strong></span> <span class='ocrx_word' id='word_1_145' title='bbox 550 2884 712 2964; x_wconf 89' lang='lat' dir='ltr'><strong>‘Hodie,&#39;</strong></span> <span class='ocrx_word' id='word_1_146' title='bbox 729 2886 855 2968; x_wconf 90' lang='lat' dir='ltr'><strong>inquit,</strong></span> <span class='ocrx_word' id='word_1_147' title='bbox 871 2887 929 2951; x_wconf 89' lang='lat' dir='ltr'><strong>‘in</strong></span> <span class='ocrx_word' id='word_1_148' title='bbox 943 2886 999 2951; x_wconf 90' lang='lat' dir='ltr'><strong>die</strong></span> <span class='ocrx_word' id='word_1_149' title='bbox 1015 2908 1123 2972; x_wconf 91' lang='lat' dir='ltr'><strong>appa-</strong></span> 
     </span>
     <span class='ocr_line' id='line_1_26' title="bbox 169 2985 1124 3069; baseline -0.001 -17"><span class='ocrx_word' id='word_1_150' title='bbox 169 2987 310 3053; x_wconf 77' lang='lat' dir='ltr'><strong>litionis</strong></span> <span class='ocrx_word' id='word_1_151' title='bbox 326 3004 399 3050; x_wconf 85' lang='lat' dir='ltr'><strong>suec</strong></span> <span class='ocrx_word' id='word_1_152' title='bbox 419 2986 600 3069; x_wconf 90' lang='lat' dir='ltr'><strong>apparebit</strong></span> <span class='ocrx_word' id='word_1_153' title='bbox 614 2986 700 3049; x_wconf 91' lang='lat' dir='ltr'><strong>mihi</strong></span> <span class='ocrx_word' id='word_1_154' title='bbox 715 2985 886 3051; x_wconf 87' lang='lat' dir='ltr'><strong>Dominus</strong></span> <span class='ocrx_word' id='word_1_155' title='bbox 906 3006 1003 3051; x_wconf 91' lang='lat' dir='ltr'><strong>meus</strong></span> <span class='ocrx_word' id='word_1_156' title='bbox 1017 2988 1041 3052; x_wconf 84' lang='lat' dir='ltr'>J</span> <span class='ocrx_word' id='word_1_157' title='bbox 1044 3008 1124 3051; x_wconf 88' lang='lat' dir='ltr'><strong>esus</strong></span> 
     </span>
     <span class='ocr_line' id='line_1_27' title="bbox 173 3085 1124 3171; baseline 0.001 -20"><span class='ocrx_word' id='word_1_158' title='bbox 173 3085 349 3163; x_wconf 68' lang='lat' dir='ltr'><strong>Christus</strong></span> <span class='ocrx_word' id='word_1_159' title='bbox 363 3094 506 3169; x_wconf 91' lang='lat' dir='ltr'><strong>propter</strong></span> <span class='ocrx_word' id='word_1_160' title='bbox 523 3085 777 3168; x_wconf 89' lang='lat' dir='ltr'><strong>poenitentiam,</strong></span> <span class='ocrx_word' id='word_1_161' title='bbox 795 3094 835 3151; x_wconf 90' lang='lat' dir='ltr'><strong>ut</strong></span> <span class='ocrx_word' id='word_1_162' title='bbox 851 3106 964 3169; x_wconf 82' lang='lat' dir='ltr'><strong>spere,</strong></span> <span class='ocrx_word' id='word_1_163' title='bbox 982 3089 1027 3151; x_wconf 90' lang='lat' dir='ltr'><strong>ad</strong></span> <span class='ocrx_word' id='word_1_164' title='bbox 1049 3090 1124 3171; x_wconf 84' lang='lat' dir='ltr'><strong>glo·</strong></span> 
     </span>
     <span class='ocr_line' id='line_1_28' title="bbox 173 3185 1059 3269; baseline 0 -17"><span class='ocrx_word' id='word_1_165' title='bbox 173 3188 283 3266; x_wconf 84' lang='lat' dir='ltr'><strong>riam3</strong></span> <span class='ocrx_word' id='word_1_166' title='bbox 306 3187 364 3250; x_wconf 91' lang='lat' dir='ltr'><strong>vel</strong></span> <span class='ocrx_word' id='word_1_167' title='bbox 380 3192 522 3268; x_wconf 91' lang='lat' dir='ltr'><strong>propter</strong></span> <span class='ocrx_word' id='word_1_168' title='bbox 537 3185 636 3262; x_wconf 89' lang='lat' dir='ltr'><strong>alios,</strong></span> <span class='ocrx_word' id='word_1_169' title='bbox 651 3194 691 3249; x_wconf 93' lang='lat' dir='ltr'><strong>ut</strong></span> <span class='ocrx_word' id='word_1_170' title='bbox 704 3186 821 3263; x_wconf 88' lang='lat' dir='ltr'><strong>timeo,</strong></span> <span class='ocrx_word' id='word_1_171' title='bbox 837 3187 881 3250; x_wconf 89' lang='lat' dir='ltr'><strong>ad</strong></span> <span class='ocrx_word' id='word_1_172' title='bbox 896 3188 1059 3269; x_wconf 65' lang='lat' dir='ltr'><strong>poenam?</strong></span> 
     </span>
     <span class='ocr_line' id='line_1_29' title="bbox 226 3284 1125 3370; baseline 0.003 -19"><span class='ocrx_word' id='word_1_173' title='bbox 226 3284 337 3370; x_wconf 71' lang='lat'><strong>5286.</strong></span> <span class='ocrx_word' id='word_1_174' title='bbox 361 3284 439 3366; x_wconf 82' lang='lat' dir='ltr'><strong>Nos</strong></span> <span class='ocrx_word' id='word_1_175' title='bbox 456 3304 541 3349; x_wconf 90' lang='lat' dir='ltr'><strong>sane</strong></span> <span class='ocrx_word' id='word_1_176' title='bbox 558 3286 740 3363; x_wconf 88' lang='lat' dir='ltr'><strong>credimus,</strong></span> <span class='ocrx_word' id='word_1_177' title='bbox 759 3292 841 3368; x_wconf 89' lang='lat' dir='ltr'><strong>post</strong></span> <span class='ocrx_word' id='word_1_178' title='bbox 854 3287 1125 3354; x_wconf 89' lang='lat' dir='ltr'><strong>benedictionem</strong></span> 
     </span>
     <span class='ocr_line' id='line_1_30' title="bbox 171 3384 1126 3474; baseline 0.002 -23"><span class='ocrx_word' id='word_1_179' title='bbox 171 3384 456 3463; x_wconf 87' lang='lat' dir='ltr'><strong>ecclesiasticam,</strong></span> <span class='ocrx_word' id='word_1_180' title='bbox 482 3385 544 3449; x_wconf 90' lang='lat' dir='ltr'><strong>illa</strong></span> <span class='ocrx_word' id='word_1_181' title='bbox 569 3386 735 3469; x_wconf 88' lang='lat' dir='ltr'><strong>mysteria</strong></span> <span class='ocrx_word' id='word_1_182' title='bbox 758 3404 835 3449; x_wconf 89' lang='lat' dir='ltr'><strong>esse</strong></span> <span class='ocrx_word' id='word_1_183' title='bbox 856 3406 976 3451; x_wconf 86' lang='lat' dir='ltr'><strong>verum</strong></span> <span class='ocrx_word' id='word_1_184' title='bbox 1001 3408 1126 3474; x_wconf 86' lang='lat' dir='ltr'><strong>corpus</strong></span> 
     </span>
     <span class='ocr_line' id='line_1_31' title="bbox 173 3471 1125 3567; baseline 0.003 -17"><span class='ocrx_word' id='word_1_185' title='bbox 173 3493 208 3551; x_wconf 92' lang='lat' dir='ltr'><strong>et</strong></span> <span class='ocrx_word' id='word_1_186' title='bbox 233 3486 440 3567; x_wconf 83' lang='lat' dir='ltr'><strong>sanguinem</strong></span> <span class='ocrx_word' id='word_1_187' title='bbox 466 3471 679 3565; x_wconf 83' lang='lat' dir='ltr'><strong>Salvaton&#39;s3</strong></span> <span class='ocrx_word' id='word_1_188' title='bbox 703 3483 845 3549; x_wconf 90' lang='lat' dir='ltr'><strong>adducti</strong></span> <span class='ocrx_word' id='word_1_189' title='bbox 871 3494 907 3550; x_wconf 89' lang='lat' dir='ltr'><strong>et</strong></span> <span class='ocrx_word' id='word_1_190' title='bbox 921 3490 1048 3552; x_wconf 90' lang='lat' dir='ltr'><strong>veteris</strong></span> <span class='ocrx_word' id='word_1_191' title='bbox 1069 3508 1125 3553; x_wconf 90' lang='lat' dir='ltr'><strong>ec-</strong></span> 
     </span>
     <span class='ocr_line' id='line_1_32' title="bbox 174 3583 1126 3662; baseline 0.001 -13"><span class='ocrx_word' id='word_1_192' title='bbox 174 3583 290 3649; x_wconf 85' lang='lat' dir='ltr'><strong>clesiae</strong></span> <span class='ocrx_word' id='word_1_193' title='bbox 311 3585 532 3662; x_wconf 87' lang='lat' dir='ltr'><strong>auctoritate,</strong></span> <span class='ocrx_word' id='word_1_194' title='bbox 549 3592 584 3649; x_wconf 90' lang='lat' dir='ltr'><strong>ct</strong></span> <span class='ocrx_word' id='word_1_195' title='bbox 599 3584 718 3648; x_wconf 91' lang='lat' dir='ltr'><strong>multis</strong></span> <span class='ocrx_word' id='word_1_196' title='bbox 740 3586 878 3650; x_wconf 88' lang='lat' dir='ltr'><strong>noviter</strong></span> <span class='ocrx_word' id='word_1_197' title='bbox 892 3587 1040 3651; x_wconf 89' lang='lat' dir='ltr'><strong>ostensis</strong></span> <span class='ocrx_word' id='word_1_198' title='bbox 1062 3588 1126 3650; x_wconf 92' lang='lat' dir='ltr'><strong>mi-</strong></span> 
     </span>
     <span class='ocr_line' id='line_1_33' title="bbox 174 3683 1125 3767; baseline 0.003 -20"><span class='ocrx_word' id='word_1_199' title='bbox 174 3686 316 3749; x_wconf 90' lang='lat' dir='ltr'><strong>raculis.</strong></span> <span class='ocrx_word' id='word_1_200' title='bbox 371 3683 484 3763; x_wconf 82' lang='lat' dir='ltr'><strong>Quale</strong></span> <span class='ocrx_word' id='word_1_201' title='bbox 500 3683 565 3748; x_wconf 85' lang='lat' dir='ltr'><strong>fuit</strong></span> <span class='ocrx_word' id='word_1_202' title='bbox 581 3683 666 3749; x_wconf 91' lang='lat' dir='ltr'><strong>illud</strong></span> <span class='ocrx_word' id='word_1_203' title='bbox 684 3685 775 3767; x_wconf 92' lang='lat' dir='ltr'><strong>quod</strong></span> <span class='ocrx_word' id='word_1_204' title='bbox 793 3686 916 3749; x_wconf 88' lang='lat' dir='ltr'><strong>beatus</strong></span> <span class='ocrx_word' id='word_1_205' title='bbox 935 3683 1125 3767; x_wconf 85' lang='lat' dir='ltr'><strong>Gregorius</strong></span> 
     </span>
     <span class='ocr_line' id='line_1_34' title="bbox 175 3782 1127 3867; baseline 0.002 -20"><span class='ocrx_word' id='word_1_206' title='bbox 175 3784 335 3848; x_wconf 85' lang='lat' dir='ltr'><strong>exhibuit</strong></span> <span class='ocrx_word' id='word_1_207' title='bbox 350 3782 484 3851; x_wconf 87' lang='lat' dir='ltr'><strong>Romae.</strong></span> <span class='ocrx_word' id='word_1_208' title='bbox 538 3783 652 3863; x_wconf 81' lang='lat' dir='ltr'><strong>Quale</strong></span> <span class='ocrx_word' id='word_1_209' title='bbox 667 3784 758 3867; x_wconf 92' lang='lat' dir='ltr'><strong>quod</strong></span> <span class='ocrx_word' id='word_1_210' title='bbox 775 3784 985 3849; x_wconf 86' lang='lat' dir='ltr'><strong>Paschasius</strong></span> <span class='ocrx_word' id='word_1_211' title='bbox 1007 3795 1127 3850; x_wconf 91' lang='lat' dir='ltr'><strong>narrat</strong></span> 
     </span>
     <span class='ocr_line' id='line_1_35' title="bbox 176 3881 1126 3967; baseline 0.003 -21"><span class='ocrx_word' id='word_1_212' title='bbox 176 3884 365 3965; x_wconf 68' lang='lat' dir='ltr'><strong>contigisse</strong></span> <span class='ocrx_word' id='word_1_213' title='bbox 389 3881 629 3949; x_wconf 83' lang='lat' dir='ltr'><strong>Alamanniae:</strong></span> <span class='ocrx_word' id='word_1_214' title='bbox 667 3885 906 3967; x_wconf 85' lang='lat' dir='ltr'><strong>presbyterum</strong></span> <span class='ocrx_word' id='word_1_215' title='bbox 930 3884 1126 3966; x_wconf 74' lang='lat' dir='ltr'><strong>Plegildum</strong></span> 
     </span>
     <span class='ocr_line' id='line_1_36' title="bbox 175 3984 1125 4068; baseline 0 -19"><span class='ocrx_word' id='word_1_216' title='bbox 175 3984 358 4049; x_wconf 85' lang='lat' dir='ltr'><strong>visibiliter</strong></span> <span class='ocrx_word' id='word_1_217' title='bbox 383 3984 532 4067; x_wconf 91' lang='lat' dir='ltr'><strong>speciem</strong></span> <span class='ocrx_word' id='word_1_218' title='bbox 553 3985 651 4068; x_wconf 90' lang='lat' dir='ltr'><strong>pueri</strong></span> <span class='ocrx_word' id='word_1_219' title='bbox 675 3984 713 4048; x_wconf 90' lang='lat' dir='ltr'><strong>in</strong></span> <span class='ocrx_word' id='word_1_220' title='bbox 739 3984 851 4049; x_wconf 87' lang='lat' dir='ltr'><strong>altare</strong></span> <span class='ocrx_word' id='word_1_221' title='bbox 879 3991 1125 4062; x_wconf 89' lang='lat' dir='ltr'><strong>contrectasse,</strong></span> 
     </span>
    </p>
   </div>
   <div class='ocr_carea' id='block_1_10' title="bbox 178 4253 1128 4397">
    <p class='ocr_par' dir='ltr' id='par_1_10' title="bbox 178 4253 1128 4397">
     <span class='ocr_line' id='line_1_37' title="bbox 212 4253 1128 4319; baseline 0.004 -14"><span class='ocrx_word' id='word_1_222' title='bbox 212 4253 386 4317; x_wconf 79' lang='lat' dir='ltr'><strong>¹Faldertum,</strong></span> <span class='ocrx_word' id='word_1_223' title='bbox 396 4271 465 4319; x_wconf 65' lang='lat' dir='ltr'><strong>cmm</strong></span> <span class='ocrx_word' id='word_1_224' title='bbox 476 4256 577 4307; x_wconf 77' lang='lat' dir='ltr'><strong>Domini</strong></span> <span class='ocrx_word' id='word_1_225' title='bbox 588 4272 639 4306; x_wconf 78' lang='grc' dir='ltr'><strong>ηια-</strong></span> <span class='ocrx_word' id='word_1_226' title='bbox 663 4258 849 4308; x_wconf 70' lang='lat' dir='ltr'><strong>mammillarum</strong></span> <span class='ocrx_word' id='word_1_227' title='bbox 864 4272 964 4307; x_wconf 75' lang='lat' dir='ltr'><strong>mrum</strong></span> <span class='ocrx_word' id='word_1_228' title='bbox 980 4258 1128 4317; x_wconf 72' lang='lat' dir='ltr'><strong>oinsucmt</strong></span> 
     </span>
     <span class='ocr_line' id='line_1_38' title="bbox 178 4321 1128 4397; baseline 0.007 -23"><span class='ocrx_word' id='word_1_229' title='bbox 178 4328 214 4375; x_wconf 83' lang='lat' dir='ltr'><strong>ter</strong></span> <span class='ocrx_word' id='word_1_230' title='bbox 235 4326 322 4375; x_wconf 73' lang='grc' dir='ltr'><em>Μανία</em></span> <span class='ocrx_word' id='word_1_231' title='bbox 348 4326 406 4375; x_wconf 84' lang='lat' dir='ltr'><strong>olim</strong></span> <span class='ocrx_word' id='word_1_232' title='bbox 431 4332 550 4389; x_wconf 59' lang='lat' dir='ltr'><strong>oefflmm</strong></span> <span class='ocrx_word' id='word_1_233' title='bbox 577 4329 639 4377; x_wconf 81' lang='lat' dir='ltr'><strong>lacte</strong></span> <span class='ocrx_word' id='word_1_234' title='bbox 661 4321 771 4397; x_wconf 75' lang='lat' dir='ltr'><strong>sonora]</strong></span> <span class='ocrx_word' id='word_1_235' title='bbox 791 4326 932 4395; x_wconf 74' lang='lat' dir='ltr'><strong>See§186,</strong></span> <span class='ocrx_word' id='word_1_236' title='bbox 948 4344 992 4391; x_wconf 86' lang='lat' dir='ltr'><strong>pp.</strong></span> <span class='ocrx_word' id='word_1_237' title='bbox 1001 4332 1058 4392; x_wconf 77' lang='lat'><strong>816,</strong></span> <span class='ocrx_word' id='word_1_238' title='bbox 1069 4333 1128 4381; x_wconf 74' lang='lat'><strong>⁸1⁷.</strong></span> 
     </span>
    </p>
   </div>
   <div class='ocr_carea' id='block_1_11' title="bbox 0 0 1569 5050">
    <p class='ocr_par' dir='ltr' id='par_1_11' title="bbox 0 0 1569 5050">
     <span class='ocr_line' id='line_1_39' title="bbox 0 0 1569 5050; baseline 0 0"><span class='ocrx_word' id='word_1_239' title='bbox 0 0 1569 5050; x_wconf 95' lang='lat' dir='ltr'><strong> </strong></span> 
     </span>
    </p>
   </div>
  </div>
 </body>
</html>
