3100 5050
415 503 481 568 600
633 520 747 570 casua
770 520 898 569 nneuu
922 521 1135 570 auoucauu.
1208 506 1295 588 [urs.
1315 523 1373 570 ιν..

254 699 383 744 amtor
417 679 610 745 scientiaet
623 679 751 744 virtute
767 678 855 742 nulli
872 677 1057 742 secundus.
1109 677 1178 742 Sed
1193 679 1370 763 quiaquae

256 752 387 794 mm
418 800 497 844 cum
520 781 656 844 caeteris
683 780 765 844 fecit
788 779 961 843 communi
980 779 1075 842 laudi
1096 796 1172 843 sors
1197 779 1371 857 attribuit,

419 887 455 944 et
471 881 643 963 quomodo
664 887 788 964 captus
809 878 914 942 fuerit
927 880 1080 943 anterior
1101 899 1213 944 sermo
1234 882 1371 944 notitiae

419 981 525 1058 dedit,
539 1000 631 1045 nunc
644 980 795 1064 qualiter
810 999 847 1044 se
862 979 1007 1045 servitio
1022 981 1159 1044 exuerit
1174 980 1379 1045 dicendum..

421 1082 615 1146 Danisman
645 1082 749 1158 enim,
779 1101 857 1144 cum
883 1079 1017 1144 videret
1041 1080 1126 1144 nihil
1160 1081 1371 1146 utilitatibus

421 1183 494 1246 suis
509 1182 676 1265 applicari
684 1181 778 1265 quod
791 1187 928 1244 tantum
938 1180 1050 1244 virum
1061 1187 1205 1258 teneret,
1217 1181 1372 1246 inflexus

422 1277 549 1346 ¹animo
578 1282 621 1346 de
652 1282 748 1365 pacis
773 1279 1030 1344 conditionibus
1061 1282 1207 1345 actitare
1239 1283 1371 1364 coepit:

422 1403 503 1447 nam
525 1401 589 1445 nec
606 1383 704 1446 illum
721 1381 888 1458 occidere,
917 1401 961 1445 ne
984 1382 1020 1445 in
1044 1399 1082 1444 se
1105 1381 1187 1446 odia
1199 1381 1373 1447 Christia-

422 1504 546 1549 norum
563 1482 673 1547 effusa
694 1483 896 1560 concitaret,
912 1501 988 1559 nec,
1003 1482 1078 1546 sine
1092 1483 1218 1564 spebus
1236 1484 1273 1546 iu
1291 1503 1371 1566 per-

421 1592 566 1668 petuum
580 1584 739 1648 valiturae
753 1584 861 1666 pacis,
875 1581 1048 1646 dimittere
1059 1582 1207 1646 volebat.
1261 1582 1373 1647 Polli-

423 1686 513 1749 citus
528 1704 613 1766 ergo
627 1683 853 1748 Boamundus
867 1684 1067 1747 continuam
1084 1684 1206 1764 gentili
1228 1703 1375 1749 concor·

422 1784 527 1863 diam,
554 1785 696 1850 revertit
718 1783 953 1860 Antiochiam,
978 1790 1162 1865 argenteos
1188 1784 1373 1868 compedes

423 1887 548 1968 quibus
568 1879 751 1967 ²alligatus
777 1885 890 1948 fuerat
913 1903 1029 1948 secum
1052 1883 1229 1949 deferens:
1253 1904 1276 1949 a
1297 1885 1374 1950 suis

422 2006 506 2068 ergo
517 1993 685 2070 exceptus
695 1985 936 2070 plausibiliter,
950 1983 1162 2062 Laodiciam,
1179 1994 1213 2050 et
1226 1993 1375 2050 caeteras

421 2088 524 2151 urbes
550 2106 637 2169 quas
663 2086 866 2150 Tancredus
896 2085 1116 2168 acquisierat,
1140 2087 1306 2170 suscepit,
1329 2106 1374 2151 ne

421 2188 596 2252 videretur
610 2187 759 2251 oscitare
774 2187 847 2250 otio
867 2185 948 2249 dum
964 2186 1157 2250 avunculus
1180 2188 1374 2270 suspiraret

420 2289 457 2351 in
472 2287 658 2370 ergastulo.
711 2286 787 2350 Nec
813 2286 922 2350 multo
947 2293 1028 2371 post
1044 2284 1180 2350 Gallias
1197 2289 1306 2364 venit,
1320 2287 1373 2352 of-

421 2388 535 2452 ferens
551 2395 692 2452 catenas
714 2387 828 2451 sancti
852 2385 1025 2451 Leonardi
1046 2386 1181 2462 honori,
1203 2407 1283 2470 quae
1305 2388 1373 2452 sibi

422 2487 560 2553 fuerant
581 2489 686 2552 oneri.
740 2488 866 2553 Fertur
877 2487 968 2559 enim
983 2487 1154 2571 inprimis
1172 2481 1248 2553 ³ille
1271 2508 1375 2554 sano·

423 2597 481 2653 tus
505 2589 794 2654 absolvendorum
807 2588 1024 2653 vinculorum
1034 2595 1170 2672 potens,
1186 2597 1238 2667 ut,
1252 2589 1373 2655 viden-

422 2690 516 2754 tibus
529 2708 594 2753 nec
612 2690 737 2754 mutire
762 2690 970 2753 audentibus
984 2689 1204 2768 adversariis,
1218 2691 1375 2773 pondera

424 2810 490 2855 sua
518 2791 679 2873 captivus
707 2789 795 2854 liber
824 2796 991 2872 asportet.
1043 2788 1102 2853 Ita
1131 2789 1238 2854 ducta
1262 2811 1375 2857 uxore

426 2891 498 2955 filia
520 2893 612 2974 regis
630 2892 856 2967 Francorum,
873 2890 1034 2954 etaltera
1050 2889 1231 2955 Tancredo
1253 2893 1374 2970 missa,

425 2992 563 3075 repetiit
599 2990 787 3074 Apuliam;
824 2990 1048 3073 sequentibus
1088 3010 1125 3053 se
1159 2992 1376 3057 Francorum

425 3094 636 3175 proceribus,
652 3092 712 3175 qui
729 3110 791 3174 spe
808 3092 949 3176 majoris
967 3090 1137 3155 commodi
1148 3093 1298 3173 patriam
1313 3093 1375 3157 de·

367 3224 372 3229 *
426 3193 599 3268 serebant,
621 3192 724 3255 simul
747 3199 784 3255 et
806 3192 995 3274 spectaturi
1019 3192 1174 3261 cominus
1191 3192 1275 3276 quid
1292 3194 1376 3259 viva

425 3292 565 3356 virtutis
582 3292 714 3374 species
734 3290 894 3368 efficeret,
910 3310 1014 3374 quam
1031 3298 1104 3355 tam
1120 3293 1265 3375 insignis
1280 3293 1376 3359 fama

424 3392 553 3476 ubique
573 3392 795 3475 loqueretur..
835 3391 962 3473 Itaque
985 3392 1056 3469 ille,
1079 3392 1257 3474 dispositis
1279 3396 1375 3478 apud

459 3632 585 3706 ¹Anima]
599 3638 628 3688 S.
635 3638 671 3688 D.
679 3640 725 3701 E.;
740 3640 818 3689 animi
826 3643 887 3691 mol·
908 3642 935 3690 in
947 3642 1044 3706 chains,
1055 3644 1087 3693 he
1099 3646 1190 3696 should
1200 3648 1375 3713 immediately

422 3708 487 3770 litie,
498 3707 529 3758 L.
909 3713 940 3761 be
957 3718 996 3762 set
1018 3719 1045 3763 at
1061 3716 1162 3777 liberty.
1196 3719 1232 3767 At
1247 3720 1336 3783 length
1353 3723 1374 3771 it

458 3807 623 3875 ’laeana
631 3810 888 3878 A.D.E.;i11igatus‚
908 3783 1014 3902 ffi}
1031 3784 1254 3907 Gfflssiffiffl‘
1275 3791 1373 3874 ΜΨ

425 3881 455 3932 S·
468 3881 541 3931 Μ·
909 3869 1075 3974 οοηῆυθῖἕιξῐ,
1096 3874 1372 3996 ἰηνοὴεᾱῖὴξτὲοαῗηέ

459 3980 470 4013 ⁸
493 3985 539 4033 llle
565 3990 664 4035 nactus
692 3986 887 4038 mmlveadcrum
909 3992 949 4041 his
968 3994 1056 4044 chains
1074 3996 1246 4061 immediately
1262 4000 1308 4051 lell
1327 4005 1388 4068 oll',⁴

421 4050 887 4123 oiuulmmpoteasJ‘Leonardwas
909 4077 937 4111 so
959 4064 1015 4114 that
1035 4066 1067 4115 he
1098 4067 1179 4129 might
1200 4069 1300 4135 depart,
1327 4074 1372 4124 the

423 4125 886 4193 grandsontoclovishingofFrance,
908 4133 1015 4195 heepers
1036 4135 1187 4187 themselves
1217 4140 1311 4205 having
1339 4160 1373 4195 no
1415 4145 1421 4156 ‘

422 4194 473 4241 and
483 4196 612 4256 obtained,
622 4195 732 4259 through
742 4198 785 4247 the
796 4199 887 4250 favour
908 4218 995 4265 power
1005 4210 1031 4255 to
1041 4213 1146 4268 prevent
1161 4208 1222 4259 him.
1239 4212 1306 4268 Vide
1322 4215 1374 4265 Su·

421 4263 451 4311 of
466 4263 522 4313 urat
537 4266 666 4328 monarch,
676 4267 740 4329 that,
751 4268 886 4320 whenever
907 4275 1373 4350 rius,vitaeSenet.N0v.c.’(shnrpe,

421 4332 454 4383 he
473 4332 564 4384 should
581 4349 624 4385 see
640 4351 691 4398 any
702 4352 750 4386 one
760 4338 819 4388 who
830 4356 885 4391 was
907 4342 980 4411 471.)
