3100 5050
155 500 309 581 maru]
376 518 490 569 cnsra
513 519 641 571 uncum
665 518 878 569 lucnoauu.
1044 501 1113 569 489

154 673 253 751 dum,
270 674 314 741 de
335 674 479 758 seipsis
500 682 649 743 caveant
664 676 884 758 exemplum
906 674 997 739 idem
1018 676 1111 741 enim

154 793 194 839 se
222 794 353 856 regem,
387 776 447 857 qui
472 776 553 843 illos
580 776 687 843 duces
715 775 846 842 fecerit.
899 776 968 840 His
994 778 1112 841 uerbis

153 892 272 941 comes
297 882 333 943 et
357 875 669 958 pollicitationibus
693 875 868 953 incensus,
894 877 954 961 qui
976 877 1109 960 primus

151 972 318 1042 factionis
341 981 423 1058 pust
447 975 604 1044 Odonem
629 972 775 1057 signifer
795 975 874 1055 snit,
895 977 1029 1060 primus
1050 975 1110 1041 de-

151 1072 249 1139 fecit.
315 1073 490 1141 Continuo
520 1096 604 1158 ergo
633 1075 670 1142 in
697 1074 891 1141 desertores
919 1075 1110 1159 proiectus,

151 1174 302 1241 castella
315 1175 434 1257 patrui
458 1176 514 1245 sui
530 1175 729 1257 Tunebrige
746 1182 782 1241 et
799 1174 990 1241 Perenesel
1009 1176 1108 1241 effre-

151 1275 227 1355 git3
261 1276 340 1358 ipso
369 1275 407 1339 in
437 1276 623 1358 posteriori
652 1276 867 1357 intercepto:
897 1283 1038 1358 captum
1060 1277 1105 1340 ad

150 1374 247 1456 quod
272 1373 375 1443 libuit
397 1374 644 1458 jusjurandum
668 1375 819 1457 impulit,
839 1384 879 1441 nt
897 1374 1027 1458 Anglia
1047 1376 1107 1439 de-

150 1474 293 1545 cederet
307 1468 360 1539 ¹et
377 1474 629 1543 Rovecestram
645 1475 810 1541 undaret.
862 1473 920 1541 Aa
933 1476 1025 1559 quod
1042 1476 1107 1539 im-

148 1574 316 1657 plendum
339 1594 419 1639 eum
441 1594 520 1645 cnm
535 1575 692 1639 fidelibus
714 1574 789 1639 su'is
809 1576 991 1657 praemisit,
1011 1575 1108 1640 lento

149 1674 240 1756 pede
269 1682 466 1757 praeeuntes
496 1676 716 1742 subsecutus.
782 1674 870 1740 Erat
897 1683 981 1739 tuuc
1013 1675 1106 1758 apud

151 1773 408 1840 Rovecestram
424 1774 536 1840 omnis
552 1794 640 1857 pene
650 1775 849 1858 juventutis
860 1795 906 1838 ex
915 1769 1106 1857 Anglia²et

151 1873 187 1937 N
188 1875 374 1940 ermannia
395 1874 581 1954 nobilitas3
605 1882 677 1942 tres
701 1873 764 1939 filii
788 1874 932 1956 Rogerii
955 1876 1106 1952 comitis,

149 1980 185 2039 et
201 1974 418 2039 Eustachius
434 1974 602 2042 Bononiae
612 1974 744 2058 junior,
759 1974 929 2057 multique
944 1974 1005 2039 ulii
1018 1993 1106 2056 quos

150 2074 244 2139 infra
266 2093 388 2142 curam
404 2080 560 2140 nostram
577 2074 752 2139 existimo.
805 2073 910 2156 Regii
932 2093 1011 2138 cum
1033 2076 1107 2155 cpi-

150 2194 260 2258 scopo
284 2174 389 2257 pauci
411 2181 448 2241 et
468 2174 615 2237 inermes
632 2171 729 2259 (quis
753 2173 846 2240 enirn
869 2194 911 2238 eo
934 2181 1106 2255 praesente

150 2274 299 2339 insidias
334 2275 516 2359 timereti)
549 2274 643 2337 circa
673 2291 792 2340 murus
824 2272 1001 2349 desiliunt,
1033 2273 1105 2338 cla·

150 2381 289 2437 mantes
313 2374 498 2457 oppidanis
523 2380 564 2437 ut
589 2379 709 2456 portas
734 2372 913 2455 aperiaut3
936 2370 1002 2436 boc
1032 2373 1105 2455 epi-

150 2493 298 2557 scopum
322 2479 531 2557 praesentem
557 2472 660 2551 relic,
691 2471 755 2537 boc
786 2491 904 2555 regem
927 2473 1105 2538 absentem

146 2575 284 2659 jubere.
339 2571 388 2637 At
404 2573 469 2651 illi,
486 2573 530 2637 de
551 2592 651 2637 muro
668 2573 862 2656 conspicati
878 2573 972 2656 quod
987 2572 1106 2637 vultus

151 2674 310 2758 episcopi
334 2692 414 2738 cum
437 2674 552 2745 verbis
577 2679 755 2739 oratorum
791 2692 861 2738 non
894 2674 1105 2751 conveniret,

142 2767 282 2858 'raptim
303 2773 433 2856 apertis
448 2774 560 2856 portis
574 2778 693 2849 ruunt,
709 2791 819 2856 equos
840 2772 1009 2850 involant,
1031 2793 1105 2837 om·

150 2893 283 2958 uesque
297 2893 376 2941 eum
393 2873 558 2972 episcopo
573 2873 710 2938 vinctos
732 2871 920 2939 abducunt.
972 2873 1108 2940 Rumor

151 2975 236 3038 sacti
270 2974 316 3044 ud
347 2993 465 3055 regem
498 2973 568 3038 cito
596 2971 800 3056 perlabitur.
858 2972 1019 3039 Severior
1047 2973 1107 3039 ille

151 3075 266 3152 malis,
303 3074 460 3156 iramque
496 3072 590 3138 intra
628 3072 875 3142 conscientiam
912 3073 1106 3150 resorbens,

152 3173 291 3256 Anglos
306 3193 389 3240 suos
406 3173 584 3256 appellat3
602 3173 704 3256 jubet
718 3179 758 3235 ut
772 3173 1021 3255 compatriotas
1046 3173 1108 3237 ad-

152 3280 282 3340 vocent
304 3275 349 3338 ad
375 3273 588 3341 obsidionem
611 3272 741 3350 venire,
767 3272 835 3336 nisi
862 3273 976 3355 siqui
999 3273 1108 3337 velint

153 3375 219 3439 sub
247 3375 388 3438 nomine
412 3367 573 3455 ³Nibing,
599 3371 694 3454 qnod
724 3389 874 3454 nequam
904 3378 1019 3449 sonat,
1051 3393 1106 3436 re-

151 3493 303 3538 manere.
339 3471 461 3556 Angli,
476 3473 536 3556 qui
552 3472 637 3536 nihil
650 3471 810 3536 miserius
824 3476 988 3553 putarent
1002 3490 1107 3552 quam

186 3756 195 3788 ¹
222 3759 257 3806 Et
286 3757 458 3807 Rooecestrnm
485 3757 619 3821 cadmea]
646 3756 772 3806 aestimant
783 3768 860 3816 quam
876 3753 1022 3815 hujusmodi
1039 3753 1109 3814 igno·

153 3827 184 3879 Δ.
196 3829 227 3879 S.
240 3829 277 3878 D.
289 3829 323 3878 Ε.
335 3827 386 3888 L.;
404 3827 545 3876 omittedin
559 3827 589 3877 C.
646 3824 961 3880 miniosovocabuloeac.
990 3823 1109 3884 spelman

188 3928 199 3958 2
209 3933 247 3980 E,
260 3929 437 3995 Narmal-4⁸]
454 3929 489 3979 A.
501 3929 530 3981 S·
540 3930 575 3980 D·
588 3931 621 3980 E·
645 3895 777 3994 conceires
788 3895 809 3942 it
819 3892 1035 4011 maybederiried
1021 3892 1109 4010 thiizogu

156 4001 204 4062 t,
219 4001 365 4051 oritur
379 4002 410 4049 ⁰·
646 3963 1110 4096 ,ttttttlall‘bmtcct

188 4101 335 4164 ”Nilidem
353 4101 534 4150 Ofthisword
545 4101 621 4152 Matr.
646 4103 806 4166 verlegium!
852 4103 978 4164 Nidering
1002 4102 1025 4150 is
1049 4115 1110 4162 sup-
1224 4101 1229 4111 '

157 4172 230 4224 Paris
241 4172 332 4222 writes
342 4171 350 4200 ⁴
361 4171 480 4234 Nithing,
490 4171 559 4234 quod
572 4171 622 4220 La·
646 4174 729 4235 poscd
745 4174 781 4235 by
798 4173 903 4226 Somner
924 4171 1047 4238 (Gnrelk.
1064 4167 1110 4235 ⁶6)

154 4244 203 4292 tine
224 4255 337 4304 nsquam
354 4242 490 4290 recenseri.
533 4240 622 4306 Angli,
646 4249 673 4293 to
684 4244 775 4292 denota
786 4243 850 4291 anch
861 4257 890 4291 as
901 4256 969 4291 were
985 4241 1110 4294 insumens

158 4315 197 4375 qni
208 4313 274 4364 nibil
286 4310 495 4361 contumeliosius
506 4315 532 4360 et
544 4311 621 4361 vilius
647 4313 785 4376 encuzbio
795 4313 849 4364 ride
860 4327 876 4364 a
886 4312 954 4362 dead
963 4311 1039 4374 body.
