3100 5050
176 515 245 564 me.
264 501 334 582 ιιι]
468 484 644 566 moronis
666 518 843 569 novacen.
1064 503 1130 574 749

175 684 257 760 post
274 676 412 744 Pascha
427 676 485 764 (ut
500 673 593 762 dixi)
610 678 740 742 luerint
756 679 914 756 actitata,
931 680 990 745 vix
1005 684 1127 763 paucis

177 785 259 841 ante
277 777 508 842 Nativitatem
530 780 623 842 beati
638 778 813 843 Johannis
835 779 955 843 diebus
977 781 1127 865 impera-

176 878 297 941 tricem
322 880 525 961 reciperent.
579 878 751 962 Pleraque
773 888 857 944 tunc
882 900 963 962 pars
985 880 1126 964 Angliae

179 970 410 1042 ¹dominatum
437 979 513 1063 ejus
538 979 770 1062 suspiciebat3
804 979 913 1045 frater
944 981 1021 1065 ejus
1054 983 1126 1048 Ro·

177 1079 296 1142 bertus
312 1079 472 1143 assiduus
496 1081 589 1143 circa
612 1098 688 1144 eam
712 1079 871 1145 omnibus
887 1081 1011 1164 quibus
1026 1083 1127 1148 dece·

177 1180 240 1242 bat
265 1178 375 1243 modis
403 1179 480 1262 ejus
510 1179 657 1262 gloriam
691 1180 861 1257 exaltare,
883 1201 1042 1262 proceres
1067 1183 1127 1248 be-

176 1280 284 1360 nigne
322 1279 542 1362 appellando,
576 1279 689 1343 multa
725 1280 932 1361 pollicendo,
970 1281 1126 1348 diversas

176 1387 295 1462 partes
317 1379 374 1443 vel
395 1377 568 1457 terrendo,
591 1380 647 1444 vel
674 1380 780 1444 etiam
803 1400 865 1462 per
890 1381 1125 1450 internuncios

178 1479 224 1542 ad
247 1498 367 1562 pacem
389 1479 620 1556 sollicitando,
642 1479 717 1564 jam
735 1480 880 1565 jamque
903 1483 939 1545 in
966 1485 1125 1548 omnibus

178 1580 337 1662 partibus
355 1581 566 1663 imperatrici
585 1579 782 1645 faventibus
799 1581 986 1667 justitiam,
1007 1591 1042 1648 et
1064 1605 1127 1668 pa·

177 1681 266 1743 trias
279 1679 388 1762 leges,
400 1686 436 1744 et
451 1699 573 1763 pacem
587 1680 813 1746 reformando.
866 1681 1027 1766 Satisque
1044 1704 1126 1750 con·

95 1775 101 1784 ’
176 1786 251 1850 stat
265 1781 370 1862 quod,
383 1781 414 1844 si
430 1779 506 1865 ejus
521 1781 747 1846 moderationi
766 1788 803 1846 et
824 1783 1004 1864 sapientiae
1019 1787 1127 1848 asnis

177 1887 271 1944 esset
287 1880 467 1957 creditum,
481 1901 551 1946 non
566 1887 639 1945 tam
658 1882 838 1945 sinistrum
858 1873 980 1964 postea
999 1885 1127 1948 sensis·

178 1987 257 2044 sent
281 1981 366 2045 aleae
389 1999 521 2046 casum.
572 1979 707 2045 Aderat
736 1987 772 2046 et
799 1982 957 2047 dominus
987 1984 1126 2066 legatus

177 2079 312 2161 sedula,
326 2089 367 2145 ut
383 2080 578 2158 videbatur,
602 2080 669 2144 lide
688 2081 916 2165 imperatricis
937 2085 1126 2149 commodis

179 2188 321 2263 praesto.
371 2180 441 2244 Sed
476 2200 567 2258 ecce,
597 2180 679 2244 dum
715 2181 793 2264 ipsa
820 2189 1002 2265 putaretur
1032 2185 1126 2249 omni

179 2278 312 2362 Anglia
324 2281 443 2344 statim
458 2301 560 2364 posse
570 2282 688 2363 potiri,
701 2287 836 2345 mutata
853 2284 979 2347 omnia.
1033 2284 1126 2350 Lon·

178 2380 374 2458 donienses,
389 2399 524 2464 semper
539 2382 704 2465 suspecti,
722 2389 757 2446 et
770 2382 865 2446 intra
879 2402 916 2446 se
931 2382 1127 2463 frementes,

179 2487 264 2547 tunc
291 2481 329 2545 in
359 2480 472 2564 aperti
504 2481 574 2546 odii
596 2500 717 2547 vocem
744 2489 954 2565 eruperunt3
990 2485 1124 2550 insidiis

177 2581 284 2645 etiam
301 2579 358 2668 (ut
372 2578 498 2666 fertur)
511 2581 685 2646 dominam
702 2582 847 2666 ejusque
862 2583 1004 2649 comites
1020 2604 1127 2670 appe·

179 2682 342 2745 tiverunt.
395 2681 533 2761 Quibus
547 2681 598 2745 illi
612 2682 834 2764 praecognitis
849 2689 884 2748 et
901 2685 1032 2765 vitatis,
1046 2705 1127 2750 sen·

178 2782 244 2845 sim
259 2781 334 2845 sine
347 2781 499 2846 tumultu
515 2781 665 2863 quadam
678 2781 821 2846 militari
841 2783 1024 2867 disciplina
1040 2786 1126 2849 urbe

177 2888 368 2946 cesserunt.
420 2880 586 2945 Comitati
609 2889 691 2945 sunt
705 2882 959 2965 imperatricem
976 2885 1126 2967 legatus,

174 2988 213 3049 vet
229 3001 294 3044 rex
309 2979 436 3045 Scotiae
447 2980 564 3045 David
577 2980 770 3045 avunculus
784 2982 938 3065 ejusdem
947 2986 1126 3067 viraginis,

174 3088 214 3145 et
241 3080 350 3145 frater
368 3080 444 3163 ejus
467 3080 654 3158 Robertus,
676 3081 718 3143 in⁴
731 3082 890 3146 omnibus
912 3090 952 3146 ut
978 3102 1126 3167 semper,

177 3180 229 3246 sic
246 3186 281 3243 et
298 3187 393 3256 tunc,
409 3180 626 3244 fortunarum
644 3183 773 3245 sororis
795 3182 922 3259 socius,
949 3191 984 3248 et
1007 3182 1064 3270 (ut
1084 3185 1127 3249 de

178 3280 381 3362 compendio
406 3276 536 3358 dicam)
550 3281 700 3363 partium
714 3280 791 3365 ejus
812 3300 930 3345 omncs
953 3283 996 3346 ad
1019 3304 1126 3348 unum

177 3380 380 3444 incolumes.
432 3379 705 3457 londonienses,
733 3382 875 3461 cognito
904 3401 1022 3446 eorum
1048 3385 1127 3448 abs·

178 3498 291 3556 cessu,
314 3480 351 3542 in
372 3478 523 3561 hospitia
546 3480 716 3557 involant,
740 3480 904 3563 quicquid
926 3502 1041 3545 rerum
1062 3504 1126 3565 pro

176 3574 401 3643 festinatione
417 3579 573 3643 relictum
589 3586 665 3643 erat
679 3579 897 3646 abradentes.

260 3770 310 3817 DE
330 3768 528 3817 DISCORDIA
551 3768 813 3817 IMPERATRIGIS
837 3770 881 3817 ET
904 3770 1049 3823 LEGATI.

1139 3854 1265 3894 Breachbe·

178 3948 182 3951 ,
229 3878 317 3962 549.
341 3876 419 3941 Nec
435 3877 554 3941 multis
565 3850 644 3959 post
661 3877 781 3941 diebus
803 3880 956 3943 surrexit
969 3881 1127 3945 simultas
1139 3909 1208 3945 tween
1218 3904 1254 3944 ιι.

1152 3966 1174 3994 m
1189 3954 1289 3994 rescand

177 3980 270 4042 inter
283 3968 437 4059 legatum
453 3984 488 4040 et
507 3978 773 4060 imperatricem,
791 3997 892 4060 quem
914 3998 1032 4043 casum
1046 4001 1127 4046 vere
1140 3966 1260 4055 initae

214 4265 394 4315 ¹Dorainutam
403 4266 455 4325 aias
473 4266 640 4331 aspirabat]
666 4265 831 4329 suscipiebat,
863 4266 891 4333 S.
913 4266 968 4324 D.;
996 4264 1129 4327 dignanter

177 4340 202 4387 E
210 4342 250 4398 1.;
268 4337 401 4399 dignanter
419 4337 574 4386 dominatum
583 4339 640 4401 eJus
667 4336 821 4385 dominatum
829 4337 884 4399 ejus
897 4335 1061 4399 suspiciebat,
1072 4334 1128 4384 Η.
