3100 5050
178 505 248 552 urs.
266 491 317 572 v.]
411 511 525 560 unsre
548 511 676 561 arcun
698 510 913 561 suenorum
1065 497 1132 562 655

180 648 312 729 tatum:
345 668 475 733 irarum
505 669 664 735 stimulos
694 669 732 734 in
756 690 874 752 rogem
898 670 1046 736 acuebat
1068 670 1131 738 dos

180 763 274 841 filiae,
288 774 370 848 post
386 776 533 834 mortem
549 771 610 834 filii
626 772 663 833 iu
676 768 810 852 Anglia
823 778 971 836 retenta.

168 918 170 921 ,
231 863 342 946 5420.
366 862 510 934 ¹Filiam
536 869 731 946 Matildem,
749 891 795 935 ex
819 870 968 935 Matilde
991 888 1132 953 suscep·
1142 887 1294 979 &euua-

181 969 267 1041 tam,
286 966 381 1031 dedit
393 988 456 1032 rex
474 968 650 1034 Henricus
666 969 823 1036 Henrico
837 970 1039 1054 imperatori
1047 968 1132 1035 Ale-

180 1065 343 1144 manniae,
359 1067 432 1133 filio
450 1069 596 1134 Henrici
612 1069 657 1133 de
673 1090 743 1153 quo
762 1071 886 1134 tertius
901 1069 989 1134 liber
1001 1089 1131 1134 memo·

180 1163 269 1228 riam
285 1165 380 1232 fecit.
433 1169 517 1233 Fuit
537 1170 593 1234 bic
616 1169 791 1234 Henricus
805 1171 946 1252 quintus
968 1169 1044 1253 ejus
1068 1187 1263 1234 nonesto

182 1265 285 1328 minis
308 1267 401 1349 apud
417 1268 629 1334 Teutonicos
649 1270 857 1353 imperator:
882 1270 943 1352 qui
964 1269 1046 1334 lieet
1068 1290 1131 1353 pro
1143 1239 1277 1380 ῗῇιῗῖἓὲ

181 1367 400 1430 contumeliis
421 1370 735 1452 apostolicaesedis
759 1369 852 1452 patri
874 1369 1028 1451 graviter
1052 1389 1131 1434 suo·
1173 1349 1187 1390 Ρ
1216 1349 1259 1380 ⁸⁰⁰⁰

182 1465 387 1544 censuisset,
398 1468 473 1551 ipse
488 1478 606 1534 tamen
617 1468 773 1552 ejusdem
791 1469 972 1534 sententia
984 1489 1131 1551 sequax,

182 1570 218 1627 et
235 1575 475 1649 propugnator
491 1589 555 1633 suo
572 1576 728 1652 tempore
750 1569 817 1634 fuit
838 1568 985 1632 infestus
998 1589 1007 1649 ;
1018 1611 1022 1620 ·
1034 1588 1132 1634 nam·

182 1682 251 1744 que
264 1685 344 1728 cum
357 1666 502 1733 Urbano
517 1688 619 1752 papae
637 1669 820 1733 Pascbalis
833 1669 1069 1747 successisset,
1078 1669 1133 1736 vir

182 1763 280 1829 nullo
303 1766 441 1832 virtutis
464 1788 591 1850 genere
615 1787 749 1846 carens,
773 1787 892 1832 rursus
918 1769 1066 1851 quaestio
1088 1768 1131 1832 de

180 1862 397 1930 investituris
413 1868 650 1947 ecclesiarum,
665 1888 786 1932 rursus
802 1869 905 1946 bella,
916 1887 1037 1932 rursus
1051 1868 1131 1932 lites

181 1963 323 2044 agitari,
337 1969 469 2030 neutris
482 1968 640 2051 partibus
655 1968 733 2032 loco
749 1968 962 2032 cedentibus.
1015 1967 1131 2051 Impe-

181 2069 280 2127 rator
296 2084 416 2130 omnes
438 2068 620 2150 episcopos
635 2075 672 2132 et
688 2069 832 2132 abbates
852 2059 1022 2148 regni'sui
1038 2068 1131 2150 quod

181 2162 273 2227 citra
286 2173 422 2230 montes
439 2173 493 2230 est
507 2165 663 2232 fautores
678 2167 851 2245 habebat;
877 2167 959 2249 quia
977 2165 1131 2232 Karolus

181 2281 345 2344 magnus
370 2285 434 2348 pro
461 2266 706 2330 contundenda
736 2268 892 2348 gentium
918 2265 1056 2329 illarum
1081 2266 1131 2331 fe·

181 2363 291 2441 rocia,
328 2384 448 2429 omnes
477 2385 565 2448 pene
596 2373 708 2430 terras
735 2365 890 2430 ecclesiis
916 2365 1130 2431 contulerat:

180 2462 462 2529 consiliosissime
477 2465 707 2551 perpendens,
715 2466 808 2531 nolle
822 2465 913 2530 sacri
929 2465 1058 2531 ordinis
1070 2464 1132 2531 bo·

180 2564 294 2627 miues
315 2571 388 2628 tam
405 2564 508 2630 facile
524 2586 629 2649 quam
652 2566 760 2631 laicos
777 2566 979 2629 fidelitatem
1001 2566 1131 2630 domini

182 2664 349 2747 rejicere3
367 2672 548 2748 praeterea,
565 2667 596 2729 si
612 2667 692 2730 laici
706 2665 923 2742 rebellarent,
934 2665 1013 2728 illos
1029 2684 1131 2749 posse

180 2771 217 2826 et
234 2765 603 2829 excommunicationis
619 2767 825 2829 auctoritate
841 2770 875 2828 et
892 2766 1058 2847 potentiae
1078 2784 1133 2829 se-

180 2863 330 2927 veritate
358 2884 586 2947 compescere.
639 2865 739 2947 Papa
767 2864 1043 2927 ultramontanas
1075 2883 1131 2927 ec-

179 2962 307 3026 clesias
329 2984 404 3028 suae
429 2965 557 3029 rationi
573 2965 787 3049 subjecerat3
811 2983 1003 3047 parumque
1022 2964 1131 3027 susci·

180 3062 326 3144 piebant
342 3066 446 3128 urbes
465 3064 582 3128 Italiae
598 3064 746 3128 Henrici
765 3062 965 3141 dominium,
990 3063 1131 3127 servitio

179 3180 218 3225 se
235 3169 403 3245 putantes
429 3172 556 3227 exutas
574 3172 656 3247 post
672 3163 823 3228 Couradi
841 3162 956 3227 fratris
980 3162 1055 3246 ejus
1080 3162 1132 3225 in-

179 3261 335 3341 teritum,
367 3264 440 3345 qui,
472 3282 494 3327 a
524 3271 625 3346 patre
654 3263 795 3327 relictus
820 3261 1074 3343 longobardiae
1095 3260 1131 3324 in

177 3382 312 3444 regem,
327 3364 422 3446 apud
435 3361 597 3428 Aretium
611 3363 746 3428 obierat
758 3362 871 3425 diem:
889 3368 1019 3425 atvero
1031 3359 1131 3424 Hen-

176 3462 287 3539 ricus,
316 3464 471 3545 antiquis
498 3462 695 3527 Caesaribus
725 3462 762 3525 in
794 3460 890 3525 nullo
912 3460 1041 3524 virtute
1073 3459 1132 3522 de-

174 3561 317 3644 jectior,
334 3570 416 3645 post
441 3569 604 3645 pacatum
627 3581 772 3643 regnum
789 3559 1019 3623 Teutonicum
1042 3577 1132 3641 prae·

178 3663 344 3726 sumebat
380 3662 498 3725 animo
533 3661 708 3738 Italicum,
741 3660 963 3723 rebellionem
994 3658 1131 3720 urbium

174 3762 445 3846 subjugaturus,
461 3749 759 3843 quaestionemque
775 3759 818 3823 de
835 3757 1043 3822 investitura
1067 3774 1131 3821 suo
1144 3778 1198 3819 nn.
1210 3778 1266 3817 un.

175 3861 281 3926 libito
314 3855 520 3925 ²recisurus.
584 3859 653 3923 Sed
683 3860 750 3923 iter
780 3848 867 3921 illud
896 3855 940 3919 ad
970 3856 1131 3932 Romam,

213 4102 221 4136 ¹
236 4104 332 4155 Filium
347 4102 489 4165 Matildem,
507 4135 554 4153 ...
577 4101 645 4149 Hea-
671 4101 715 4146 not
724 4096 833 4145 married
850 4100 875 4145 to
895 4095 946 4143 him
961 4094 1025 4144 until
1036 4093 1078 4142 the
1089 4094 1133 4142 rth

176 4176 229 4225 rico
239 4174 385 4237 imperatori
394 4170 570 4234 ammenta]
587 4171 646 4219 Ma·
671 4169 816 4217 Jan.1114.

176 4247 242 4295 tilda
257 4258 315 4294 was
336 4242 470 4292 betrothed
486 4246 513 4290 to
534 4241 577 4289 the
596 4255 647 4288 em·
706 4228 884 4301 westser-us]
897 4234 929 4283 A.
942 4234 970 4281 C.
981 4232 1015 4282 D.
1025 4232 1133 4292 aba,

179 4331 253 4377 perer
265 4316 357 4374 Henry
368 4314 401 4363 V.
414 4314 440 4359 in
452 4316 526 4373 1109,
535 4312 583 4360 but
593 4324 647 4359 was
672 4305 815 4367 decisurus,
827 4304 854 4352 S.
