3100 5050
171 507 343 589 n1n.111.]'
463 522 637 570 nrsroam
654 522 854 570 novumn:
1060 505 1127 570 743

172 681 320 746 rundam
342 680 459 765 palam
474 689 509 746 et
522 681 687 765 probrose
711 680 946 745 dictitantium
969 701 1046 746 nou.
1062 686 1125 746 ex‘-

170 782 289 866 pedire
304 783 422 847 comiti
436 789 476 847 ut
495 802 612 864 regem
638 801 738 846 secus
761 801 803 846 ac
824 781 892 864 ipsi
907 782 1037 846 vellent
1051 801 1125 847 ser·

172 890 285 961 varet,
300 882 404 947 simul
419 890 455 948 et
469 883 552 965 quia
571 883 645 965 ipse
666 880 842 959 ferebatur
857 883 1053 966 plusquam
1070 904 1125 948 se-

174 984 255 1062 mel,
267 984 325 1050 vel
338 983 444 1048 elusis
458 984 514 1048 vel
529 983 681 1047 delinitis
705 983 920 1060 custodibuS,
934 990 1037 1048 extra
1052 991 1126 1048 sta-

175 1091 288 1151 tutam
308 1083 501 1149 custodiam
522 1090 627 1148 noctu
649 1082 842 1167 praesertim
863 1084 1039 1162 inventus,
1062 1105 1136 1148 an-‘

174 1186 266 1250 nulis
281 1185 402 1250 ferreis
419 1183 607 1249 innodatus
622 1190 687 1250 est.

174 1378 351 1440 cuonone
368 1376 836 1440 rnrnnarmx,1unosrnm
853 1376 1000 1425 comrrs
1015 1376 1125 1424 onon-

224 1478 385 1541 cnsran,
407 1480 432 1527 A
456 1479 596 1527 cncAro
625 1479 669 1524 nr
698 1477 914 1538 Qurnosnau
944 1476 1125 1524 nrrscorrs

225 1580 270 1626 nr
294 1550 520 1628 parulidas
546 1578 743 1628 wmrourn
768 1578 932 1625 RECEPTA
956 1577 1024 1625 s1r.

226 1687 314 1772 §la
337 1688 484 1752 Interim
500 1694 536 1752 et
551 1687 754 1772 imperatrix
771 1694 807 1751 et
823 1706 938 1751 comes
961 1687 1055 1771 apud
1076 1688 1125 1751 le·
1138 1709 1273 1759 negoemon

176 1795 297 1871 gatum
319 1789 462 1853 fratrem
485 1788 562 1873 ejus
588 1789 722 1852 nunciis
753 1794 910 1869 egerunt,
934 1795 973 1852 ut
1000 1789 1125 1870 ipsam,
1137 1762 1280 1860 i‘dffiiii

173 1896 342 1973 tanquam
359 1891 452 1972 regis
467 1889 613 1953 Henrioi
632 1888 751 1966 filiam,
776 1895 812 1952 et
833 1889 889 1952 cui
914 1889 1027 1952 omnis
1050 1887 1124 1952 An·
1136 1862 1257 1912 ‘mm'

174 1990 248 2072 glia
270 1997 307 2054 et
330 1989 548 2055 Normannia
560 1989 682 2074 jorata
704 1996 807 2067 esset,
827 1987 1068 2053 incunctanter
1089 1989 1126 2053 in

175 2089 357 2155 ecclesiam
379 2097 415 2155 et
429 2111 576 2173 regnum
598 2092 778 2181 reciperet.
831 2088 969 2168 Quarto
992 2090 1231 2155 decimonono.

174 2189 343 2256 kalendas
364 2191 485 2256 Martii
508 2211 550 2255 eo
577 2209 669 2254 anno
694 2190 808 2273 prima
827 2189 1011 2255 Dominica
1028 2189 1124 2269 Qua-

175 2291 380 2374 dragesimae
396 2291 475 2356 suit.
508 2291 580 2368 Ita,
594 2289 824 2355 mediantibus
838 2291 1020 2373 utrobique
1036 2311 1125 2354 nun-

177 2391 253 2470 ciiS,
270 2391 314 2456 ad
329 2392 394 2457 hoc
405 2411 460 2456 res
475 2391 651 2476 expedita,
666 2399 705 2456 ut
722 2391 765 2454 ad
783 2390 993 2473 colloquium
1008 2392 1044 2456 in
1061 2411 1125 2475 pa-

176 2493 265 2558 tenti
281 2492 425 2577 planitie
442 2511 642 2577 camporum
658 2492 746 2557 citra
762 2490 979 2557 Wintoniam
999 2512 1125 2558 conve·

175 2594 320 2659 uiretur.
371 2594 527 2659 Ventum
540 2613 623 2675 ergo
644 2593 829 2657 Dominica
845 2594 950 2658 tertia
963 2593 1124 2673 Quadra·
1137 2618 1211 2659 uua
1220 2620 1239 2657 2.

175 2695 330 2777 gesimae,
353 2694 512 2778 pluvioso
527 2702 563 2760 et
575 2694 741 2758 nebuloso
756 2693 824 2770 die,
840 2696 940 2776 quasi
963 2703 1124 2760 moestam

175 2814 292 2859 causae
302 2794 574 2862 vicissitudinem
584 2795 675 2859 Fata
687 2794 943 2878 portenderent.
982 2794 1135 2860 Juravit'

176 2901 213 2961 et
225 2893 380 2959 affidavit
395 2896 597 2978 imperatrix
615 2895 790 2977 episcopo,
806 2895 899 2977 quod
917 2896 1034 2959 omnia
1050 2916 1126 2961 ma·

170 2995 253 3081 jora
279 2997 420 3078 negotia
444 2996 481 3060 in
496 2994 638 3077 Anglia,
657 2994 899 3079 praecipueque
920 2995 1125 3061 donationes
1204 3010 1206 3012 ’

175 3096 438 3180 episcopatuum
456 3103 491 3159 et
508 3096 736 3173 abbatiarum,
751 3094 827 3179 ejus
843 3103 965 3160 nutum
987 3104 1125 3180 specta-

176 3204 267 3275 rent,
284 3197 315 3260 si
337 3216 414 3261 eam
431 3197 506 3280 ipse
522 3188 574 3260 ¹in
594 3203 716 3260 sancta
738 3196 885 3259 ecclesia
898 3196 935 3260 in
950 3196 1125 3261 dominam

176 3297 356 3381 reciperet,
388 3303 423 3361 et
452 3304 654 3381 perpetuam
684 3296 717 3361 ei
746 3296 948 3362 fidelitatem
980 3304 1124 3363 teneret.

177 3398 277 3462 Idem
287 3398 497 3482 juraverunt
511 3417 589 3462 oum
611 3415 665 3475 ea,
678 3403 714 3461 et
736 3395 964 3462 affidaverunt
985 3418 1049 3479 pro
1071 3419 1125 3476 ea,

179 3498 356 3563 Robertus
384 3498 492 3561 frater
521 3497 598 3583 ejus
625 3516 739 3562 comes
769 3496 813 3561 de
843 3496 1058 3576 Gloecestra,
1090 3505 1126 3563 et

177 3598 331 3663 Brianrrs
356 3598 448 3662 filius
470 3598 605 3663 comitis
629 3597 782 3663 marchio
809 3597 853 3661 de
873 3597 1126 3680 walingeford,

177 3705 214 3765 et
229 3698 319 3763 Milo
332 3698 375 3763 de
391 3698 606 3777 Gloeoestra,
621 3706 744 3782 postea
754 3718 870 3763 comes
883 3698 926 3763 de
942 3698 1127 3778 Hereiord,

178 3807 214 3865 et
228 3799 386 3864 nonnulli
400 3798 473 3865 alii.
508 3798 584 3863 Nec
601 3798 774 3864 dubitavit
784 3800 967 3883 episcopus
980 3799 1128 3883 impera-

177 3900 299 3965 tricem
321 3900 358 3963 in
380 3900 554 3964 dominam
578 3898 717 3982 Angliae
748 3899 911 3983 recipere,
934 3902 1024 3965 etei
1049 3920 1128 3965 cum

178 4000 385 4085 quibusdam
400 3999 473 4064 suis
489 3998 641 4078 affidare,
656 3999 761 4083 quod,
779 4000 944 4083 quamdiu
958 4000 1035 4083 ipsa
1045 4020 1128 4084 pac·

178 4107 254 4169 tum
270 4120 341 4166 non
363 4100 578 4183 infringeret,
592 4100 667 4184 ipse
682 4120 819 4184 quoque
841 4099 944 4165 fidem
965 4102 998 4167 ei
1012 4108 1129 4165 custo·
1210 4142 1215 4146 «

463 4352 470 4383 ¹
485 4355 537 4420 la]
555 4356 584 4405 S.
597 4354 631 4404 D.
643 4371 650 4416 ;
673 4370 741 4417 cum,
753 4356 785 4405 E.
797 4354 849 4405 Μ.

929 4446 944 4490 3
961 4454 976 4490 c
993 4445 1009 4489 2
