3100 5050
422 495 488 562 518
638 511 754 560 (111111
778 510 905 560 uuoou
929 509 1142 558 rnownuu.
1219 493 1306 576 [mr.
1328 510 1381 558 ιν.

476 668 592 747 Petro,
622 669 724 733 nimis
758 668 892 747 tardas,
924 687 1006 733 uam
1035 667 1166 754 Symou
1196 668 1242 733 ad
1270 668 1384 734 ardua

478 869 517 935 Si
527 776 687 954 ξτῃεὲἓὲιέε
701 888 808 947 esses,
825 889 895 936 non
911 868 1043 955 Symon
1056 862 1118 934 ¹ud
1132 868 1206 934 alta
1219 869 1367 937 volaret.

479 969 575 1036 Proh
598 969 720 1036 dolor!
754 969 922 1036 Ecclesia
951 970 1100 1036 nummis
1123 968 1324 1036 venduntur
1346 977 1385 1034 et

530 1070 620 1134 aere?

812 1170 860 1236 Et
874 1169 986 1236 inira:

453 1301 463 1330 ⁴
483 1293 593 1358 Filius
610 1300 664 1358 est
679 1295 820 1376 praesul,
833 1301 933 1378 puter
948 1295 1068 1372 abbas,
1084 1293 1214 1378 Symon
1225 1302 1386 1378 uterque.

484 1393 577 1473 Quid
594 1413 664 1458 non
682 1413 861 1477 speremus
877 1396 908 1459 si
926 1414 1084 1459 nummos
1099 1395 1362 1478 possideamus?

485 1493 612 1559 Omnia
628 1513 789 1560 nummus
803 1495 928 1576 habet3
950 1495 1045 1578 quod
1062 1495 1139 1562 vult
1151 1495 1246 1574 facit,
1262 1495 1373 1574 addit,

485 1593 834 1779 Reestriilrlriisrtiujustu,
849 1694 998 1759 nummis
1011 1693 1052 1759 lit
1065 1695 1194 1779 praesul
1207 1702 1244 1760 et
1259 1695 1374 1760 abba'

682 1910 730 1957 DE
753 1909 947 1957 HRRBRRTO
970 1907 1136 1957 kosmus.

489 2019 507 2103 ξ
522 2018 599 2083 339.
622 2019 861 2085 Veruntamen
878 2037 1059 2083 erroneum
1075 2018 1242 2100 impetum
1259 2016 1390 2101 juven-

438 2120 524 2185 tutis
549 2119 701 2186 abolevit
721 2119 941 2202 poenitentia,
959 2117 1108 2182 Romam
1132 2116 1308 2201 profectus
1333 2136 1389 2181 se·

441 2220 630 2286 verioribus
645 2221 765 2301 ennis3
781 2219 840 2283 ubi
852 2219 931 2297 loci,
948 2219 1162 2301 symonicum
1178 2225 1214 2282 et
1226 2217 1390 2282 baculum

440 2326 477 2384 et
493 2320 658 2384 annulum
679 2319 867 2403 deponens,
881 2318 1097 2402 indulgentia
1111 2318 1389 2384 clementissimae

336 2477 340 2486 .
440 2419 532 2483 sedis
569 2421 695 2485 iterum
733 2419 887 2502 recipere
920 2419 1066 2500 meruit3
1107 2419 1200 2502 quod
1237 2417 1391 2482 Romani

441 2520 596 2585 sanctius
621 2529 656 2587 et
681 2519 874 2586 ordinatius
902 2526 1078 2598 censeant,
1102 2527 1142 2585 ut
1167 2517 1391 2585 ecclesiarum

441 2621 593 2685 omnium
608 2629 768 2704 sumptus
790 2622 863 2685 suis
884 2620 1001 2703 potius
1018 2620 1202 2703 marsupiis
1224 2620 1391 2698 serviant,

442 2739 546 2802 quam
574 2720 806 2805 quorumlibet
830 2741 951 2804 regum
974 2720 1094 2785 usibus
1118 2720 1278 2785 militent.
1333 2720 1392 2785 Itu

444 2819 651 2898 Herbertus,
674 2820 813 2886 domum
830 2840 1002 2899 reversus,
1017 2821 1134 2885 sedem
1158 2820 1391 2907 episcopalem

442 2940 521 3003 quae
544 2920 720 3003 quondam
743 2920 858 2985 fuerat
881 2922 918 2986 in
947 2920 1123 3017 Idelmam,
1149 2928 1185 2985 et
1209 2927 1293 2984 tunc
1316 2929 1391 2985 erat

442 3020 536 3103 apud
550 3020 731 3098 Thetford,
756 3019 800 3083 ed
826 3021 996 3104 insignem
1018 3021 1248 3085 mercimoniis
1269 3028 1305 3085 et
1329 3041 1391 3105 po·

442 3120 602 3202 pulcrum
614 3121 810 3203 frequentia
820 3122 934 3185 vicum
945 3122 1135 3199 transtulit,
1148 3121 1286 3185 nomine
1298 3121 1393 3186 Nor-

429 3220 520 3296 „wia
574 3220 628 3285 Ibi
654 3220 900 3285 monachorum
925 3222 1228 3304 congregationem
1249 3242 1393 3287 numero

443 3325 480 3383 et
495 3317 661 3402 religione
683 3320 915 3404 percelebrem
936 3322 1100 3400 instituit,
1121 3322 1236 3386 omnia
1263 3321 1307 3385 iis
1332 3342 1393 3387 ne·

444 3420 596 3484 cessaria
623 3440 669 3485 ex
696 3422 847 3485 nummis
868 3428 1041 3485 mercatus
1064 3422 1280 3487 domesticis:
1312 3442 1393 3504 pro-

443 3519 564 3583 videns
590 3521 722 3586 scilicet
747 3540 985 3585 successorum
1002 3521 1163 3604 querelae,
1183 3521 1297 3585 nullas
1319 3522 1392 3604 epi·

443 3620 553 3702 scopii
569 3628 691 3699 ¹terras
716 3621 895 3685 monachis
918 3620 1066 3702 largitus
1089 3628 1162 3700 est;
1186 3640 1230 3685 ne
1250 3621 1301 3685 illi
1325 3621 1393 3686 Dei

442 3717 590 3783 famulos
616 3719 817 3786 fraudarent
833 3720 1052 3798 victualibus
1072 3720 1103 3784 si
1124 3720 1208 3804 quid
1228 3721 1394 3787 donatum

443 3818 666 3885 offendissent
680 3819 772 3903 quod
799 3822 872 3883 suis
898 3827 1109 3903 competeret
1130 3822 1244 3885 rebus.
1297 3820 1394 3886 Prae-

479 4091 486 4121 '
498 4093 540 4143 Ad
550 4096 602 4144 olto
613 4097 726 4161 coloret]
744 4098 870 4159 Alluding
880 4102 907 4146 to
931 4112 996 4158 was,
1006 4098 1041 4159 by
1052 4099 1094 4147 the
1105 4099 1249 4161 adjuration
1259 4099 1289 4149 of
1296 4101 1334 4151 St.
1344 4102 1395 4151 Pe·

441 4164 484 4213 the
494 4165 586 4227 legend
594 4165 623 4215 ol
631 4166 668 4215 St.
676 4165 754 4216 Peter·
762 4168 813 4217 and
821 4168 907 4217 Simon
931 4166 979 4231 ter,
990 4168 1088 4218 doshed
1099 4173 1125 4219 to
1136 4170 1179 4218 the
1190 4166 1262 4219 earth
1273 4169 1323 4220 and
1335 4169 1394 4221 kill-

442 4234 547 4297 Magus,
555 4235 623 4299 who,
633 4236 728 4299 having
738 4238 908 4302 underulen,
931 4239 973 4290 ed.
996 4239 1029 4290 V.
1045 4240 1189 4302 Fabricius,
1212 4240 1303 4290 Codex
1326 4243 1393 4304 Apo-

441 4304 476 4366 by
487 4319 573 4355 means
584 4305 614 4355 of
628 4306 815 4371 enchautment,
825 4314 852 4357 to
862 4309 906 4371 fly,
932 4309 1052 4371 cryphus.
1075 4309 1193 4377 (Sharpe,
1203 4307 1274 4375 402.)
