3100 5050
435 488 501 554 5:30
656 505 770 555 onem
798 505 925 555 arcun
949 504 1164 555 Aucmauu.
1234 491 1322 572 [mn.
1341 506 1392 554 ιν.

435 665 609 747 specimen
633 665 744 729 crucis
758 666 915 730 vestibus
933 665 1138 748 insigniant,
1151 671 1191 728 ut
1211 662 1390 729 intestinae

435 765 514 829 fidei
529 764 612 828 foris
626 783 778 830 amorem
795 765 1036 849 praetendant3
1059 765 1226 829 babentes
1241 784 1305 848 per
1319 764 1390 828 Dei

435 883 650 942 concessum,
671 873 707 930 ct
731 866 826 932 beati
851 865 950 931 Petri
973 865 1206 950 privilegium,
1231 864 1388 930 omnium

435 965 688 1031 absolutionem
712 967 906 1046 criminum,
936 973 972 1032 et
1002 966 1068 1030 bac
1090 965 1230 1031 interim
1261 965 1389 1030 laetitia

435 1064 588 1131 laborem
611 1067 746 1132 itineris
768 1067 946 1144 allevient,
969 1066 1120 1131 babituri
1145 1073 1227 1149 post
1251 1065 1388 1131 obitum

434 1165 544 1231 felicis
579 1168 738 1251 martyrii
777 1166 1030 1232 commercium.
1091 1165 1268 1231 Ponentes
1300 1185 1388 1247 ergo

433 1265 539 1330 serias
562 1269 760 1345 sceleribus,
777 1276 818 1333 ut
836 1268 961 1333 saltem
979 1268 1017 1332 in
1039 1265 1094 1332 bis
1116 1266 1318 1349 regionibus
1342 1265 1386 1329 li·

434 1374 513 1431 ceat
529 1365 734 1433 Christianis
749 1367 893 1451 pacifice
908 1356 1039 1444 vivere,
1048 1366 1166 1433 vadite
1178 1387 1188 1447 3
1202 1367 1299 1430 illam
1313 1365 1387 1430 for-

434 1466 630 1546 titudinem,
645 1468 864 1551 prudentiam
885 1468 993 1546 illam,
1010 1487 1116 1551 quam
1131 1469 1168 1531 in
1182 1466 1277 1532 civili
1301 1485 1387 1531 con·

434 1566 531 1631 flictu
548 1567 675 1634 habere
688 1569 896 1647 consuestis,
907 1568 1048 1653 justiori
1064 1566 1279 1632 effundentes
1293 1586 1386 1649 pree·

433 1666 492 1731 lio.
546 1667 613 1744 lte,
631 1669 870 1751 praedicabiles
885 1690 949 1754 per
963 1670 1081 1734 orbem
1102 1667 1249 1732 milites!
1272 1667 1334 1746 ite,
1348 1675 1386 1732 et

433 1769 641 1849 prosternite
664 1769 811 1852 ignavas
833 1771 977 1853 gentes!
1029 1769 1099 1834 Eat
1113 1768 1250 1832 famosa
1272 1767 1386 1831 Fran-

432 1886 552 1932 corum
565 1869 688 1944 virtus,
704 1889 784 1935 cum
798 1869 1010 1954 appendiciis
1028 1868 1095 1934 sibi
1112 1868 1288 1951 gentibus,
1308 1868 1386 1933 solo

432 1968 488 2032 sui
510 1968 657 2034 nominis
681 1977 812 2035 terrore
834 1978 947 2036 totum
973 1970 1092 2035 orbem
1114 1976 1262 2033 motura
1314 1968 1384 2032 Sed

432 2067 515 2150 quid
530 2087 593 2133 vos
617 2069 748 2134 diutius
768 2071 946 2149 immoror,
959 2077 1000 2135 ut
1014 2068 1251 2134 fortitudinem
1267 2069 1383 2150 genti·

431 2167 517 2231 lium
531 2169 646 2234 verbis
665 2173 875 2235 extenueml
917 2171 1029 2236 Immo
1051 2167 1235 2253 proponite
1256 2168 1382 2232 animis

431 2269 557 2333 vestris
584 2269 751 2335 Delficam
776 2272 999 2348 sententiam,
1019 2275 1043 2306 “
1056 2268 1219 2352 Angusta
1244 2276 1300 2333 est
1323 2268 1383 2333 via

430 2388 509 2450 quae
531 2369 628 2434 ducit
650 2371 694 2435 ad
714 2371 858 2436 vitam.'’
909 2371 996 2437 Esto
1015 2366 1104 2454 ergo
1122 2377 1163 2433 ut
1185 2369 1232 2437 sit
1255 2369 1382 2434 semita

431 2467 667 2543 itinerantium
689 2479 799 2551 arcta,
813 2470 917 2556 plena
938 2471 1119 2549 mortibus,
1134 2475 1299 2553 suspecta
1320 2489 1382 2554 pe·

431 2569 572 2649 riculis3
600 2571 661 2635 sed
688 2572 763 2637 baec
787 2573 908 2637 eadem
932 2593 996 2639 vos
1022 2571 1187 2637 amissam
1208 2570 1314 2637 ducet
1336 2571 1380 2635 ad

430 2671 592 2751 patriam,
609 2692 671 2755 per
692 2673 821 2739 multas
837 2673 997 2737 nimirum
1010 2673 1253 2738 tribulationes
1276 2691 1380 2755 opor·

431 2777 482 2834 tet
497 2790 560 2836 vos
578 2764 736 2837 ¹introire
759 2774 797 2836 in
818 2793 963 2856 regnum
979 2772 1058 2837 Dei.
1110 2772 1274 2856 Spectate
1296 2792 1379 2855 ergo

430 2870 558 2950 animo,
575 2872 605 2936 si
629 2873 746 2955 prensi
767 2873 916 2950 fueritis,
937 2892 1081 2953 cruces3
1106 2878 1263 2956 spectate
1285 2880 1379 2937 catc-

430 2990 506 3049 nae,
522 2990 737 3055 quaecunque
751 2960 945 3055 ²postremo
969 2979 1117 3056 possunt
1132 2978 1306 3037 tormenta
1327 2973 1380 3036 in·

430 3070 502 3153 fligi
516 3092 524 3151 3
549 3073 730 3155 operimini
753 3093 818 3156 pro
833 3072 913 3138 fidei
926 3080 1051 3139 vestrae
1069 3074 1191 3138 robore
1205 3071 1378 3136 horrenda

428 3171 610 3254 supplicia,
625 3180 676 3250 ut,
697 3174 727 3237 si
750 3192 891 3238 necesse
914 3174 1030 3251 tuerit,
1048 3175 1174 3238 damno
1193 3190 1378 3256 corporum

428 3272 543 3353 agatis
559 3272 751 3337 animarum
769 3275 969 3339 remedium.
1023 3274 1219 3338 Mortemne
1233 3271 1377 3349 timetis,

428 3370 494 3434 viri
511 3371 699 3451 fortissimi,
714 3372 918 3439 fortitudine
933 3381 970 3439 et
985 3374 1131 3439 audacia
1144 3375 1375 3456 praestantes?

430 3470 528 3535 Nihil
543 3480 635 3537 certe
650 3474 687 3537 in
700 3492 764 3538 vos
778 3473 907 3557 poterit
923 3474 1137 3539 comminisci
1151 3473 1303 3537 humana
1316 3492 1376 3537 ne·

427 3572 550 3652 quitia,
572 3575 642 3655 quo
668 3592 820 3656 superna
848 3582 1012 3657 pensetur
1031 3574 1164 3656 gloria3
1192 3572 1376 3637 nonenim

427 3678 509 3737 sunt
535 3672 716 3755 condignae
739 3673 918 3756 passiones
942 3674 1046 3758 hujus
1068 3673 1233 3758 temporis
1256 3673 1302 3737 ad
1325 3672 1377 3736 fu·

427 3778 542 3835 turam
570 3771 716 3854 gloriam
742 3793 821 3855 quae
846 3774 1058 3840 revelabitur
1087 3774 1125 3842 in
1157 3772 1265 3839 nobis.
1320 3770 1377 3841 An

426 3872 566 3935 nescitis
580 3872 671 3954 quod
681 3873 1004 3939 viverehcminibus
1017 3881 1071 3939 est
1080 3873 1274 3949 calamitas,
1289 3872 1377 3936 mori

424 3960 608 4036 felicitasl¹
649 3971 740 4036 Haec
757 3973 856 4038 vobis
883 3974 1053 4051 doctrina,
1081 3974 1111 4038 si
1136 3972 1376 4048 recordamini,

460 4248 468 4281 ¹
481 4251 610 4314 Introire]
622 4249 656 4300 A.
666 4252 696 4299 C.
706 4250 741 4300 D.
751 4251 783 4300 E.
791 4252 839 4313 L.;
850 4252 887 4300 in·
948 4248 1119 4315 ²Postrema]
1137 4251 1171 4302 Δ.
1185 4254 1215 4303 C.
1233 4251 1268 4302 D.
1283 4252 1315 4300 E.
1330 4252 1377 4310 L.;

423 4322 505 4385 gredi,
516 4321 544 4371 S.
913 4320 1072 4385 denique&
