3100 5050
428 489 495 556 622
645 507 758 556 ousrs
783 507 912 556 aucun
936 506 1151 558 auouonuu.
1245 495 1333 577 [um.
1351 513 1385 560 v.

429 671 465 730 et
483 661 738 744 Arundellum3
763 671 1020 747 comportatum
1040 683 1082 728 eo
1104 663 1314 730 nomentum
1336 687 1381 732 ex

429 765 524 829 omni
546 765 689 846 regione
710 765 970 841 Scrobesbiriae,
987 771 1023 829 ct
1039 765 1203 850 quicquid
1220 784 1381 832 necessa-

427 866 519 928 rium
545 865 675 928 bellum
697 864 867 946 efflagitat
889 858 1129 929 ¹diuturnum:
1169 885 1233 930 nec
1262 867 1378 932 minus

430 964 612 1028 castellum
643 964 940 1028 Scrobesbirieuse
972 964 1152 1029 rebellioni
1190 968 1380 1046 consensit,

428 1064 665 1129 wallensibus
678 1083 743 1146 pro
756 1071 854 1145 motu
868 1064 1017 1129 fortunae
1033 1064 1079 1128 ad
1092 1064 1222 1130 malum
1246 1067 1378 1148 pronis.

429 1163 511 1229 Rex
546 1163 667 1247 itaque
694 1158 819 1228 auimo'
840 1157 993 1247 'iugens
1024 1166 1209 1248 omniaque
1230 1166 1381 1232 adversa

427 1264 557 1329 virtrue
577 1281 748 1346 premens,
773 1264 899 1328 militia
926 1271 1049 1329 coacta
1075 1265 1203 1346 Brigas
1226 1267 1378 1346 obsedit,

427 1363 520 1428 unde
539 1363 615 1447 jam
645 1363 682 1428 in
711 1361 942 1428 Arundellum
974 1365 1161 1430 transierat
1186 1364 1379 1446 Robertus,

427 1465 669 1528 alimentorum
680 1464 782 1546 copia
796 1470 832 1528 et
849 1463 996 1528 militum
1013 1465 1142 1530 ferocia
1158 1466 1245 1530 satis
1265 1468 1379 1531 abuu-

427 1564 540 1647 deque
561 1564 731 1627 muuitum
755 1563 870 1628 locum
896 1583 1132 1647 praesumens3
1155 1566 1217 1630 sed
1244 1585 1379 1649 paucos

425 1671 507 1747 post
532 1664 606 1727 dies
629 1663 807 1746 oppidani,
824 1672 860 1729 et
882 1663 1065 1729 formidine
1090 1666 1314 1731 conscientiae
1340 1675 1377 1732 et

425 1763 629 1828 fortitudine
643 1762 777 1828 militiae
786 1765 893 1846 regiae
906 1763 1001 1841 flexi,
1016 1783 1054 1828 se
1069 1765 1240 1830 dedidere.
1294 1766 1378 1846 Quo

425 1863 556 1940 audito,
582 1863 627 1927 ab
651 1864 790 1947 incepto
813 1869 949 1928 tumore
971 1861 1201 1928 Arundellum
1225 1865 1375 1946 destitit,

424 1961 535 2044 regali
555 1983 593 2027 se
615 1962 778 2028 addicam
797 1963 989 2044 clientelae3
1012 1965 1154 2046 egregia
1180 1985 1265 2030 sane
1290 1986 1376 2030 cou-

423 2063 567 2139 ditione,
582 2069 622 2126 ut
636 2061 795 2127 dominus
814 2082 898 2128 suus
917 2065 1054 2146 integra
1069 2066 1298 2130 membrorum
1317 2086 1376 2131 sa·

424 2163 497 2227 luta
528 2162 779 2227 Normanuiam
805 2164 1062 2246 permitteretur
1094 2164 1199 2228 abire.
1262 2165 1376 2232 Porro

425 2262 738 2328 Scrobesbirieuses
753 2282 815 2345 per
833 2262 1024 2328 Radulfum
1042 2271 1117 2328 tum
1132 2264 1292 2329 abbatem
1308 2265 1374 2330 Sa·

424 2363 485 2444 gii,
509 2369 634 2446 postea
655 2361 857 2429 Cantuariae
880 2353 1188 2446 archiepiscopum,
1210 2366 1286 2448 regi
1309 2367 1375 2431 mi-

423 2482 499 2528 sere
518 2462 653 2528 castelli
673 2453 803 2542 claves,
819 2463 1003 2529 deditionis
1022 2464 1205 2546 praesentis
1228 2465 1373 2547 iudices,

423 2562 550 2627 futurae
571 2562 765 2628 devotionis
789 2563 937 2629 obsides.
990 2563 1048 2628 Ita
1071 2564 1297 2630 dissensionis
1319 2568 1373 2631 in-

423 2663 595 2739 cendium,
611 2664 703 2746 quod
725 2665 914 2746 putabatur
934 2663 1009 2728 fore
1029 2683 1208 2747 magnum,
1232 2668 1371 2749 paucis-

422 2763 521 2827 simis
533 2763 654 2827 diebus
667 2765 704 2827 iu
720 2764 854 2828 cineres
867 2762 1048 2828 consenuit
1060 2783 1069 2844 3
1094 2772 1129 2828 et
1143 2765 1371 2847 desertorum,

422 2882 558 2946 semper
576 2864 677 2928 novis
693 2865 796 2927 rebus
812 2863 1030 2941 inhiantium,
1052 2865 1254 2929 aviditatem
1274 2886 1371 2932 coer-

421 2964 507 3028 cuit.
559 2962 748 3041 Robertus,
769 2963 1030 3028 cumfratribus
1050 2964 1286 3050 Ernulfo,qui
1308 2988 1371 3050 pa-

412 3070 561 3127 ternum
591 3082 785 3145 cognomen
816 3064 960 3129 sortitus
992 3064 1118 3142 fuerat,
1151 3072 1186 3129 et
1217 3065 1373 3150 Rogerio

422 3162 623 3228 Pictaveusi
637 3162 748 3249 (quod
772 3184 817 3227 ex
835 3182 878 3227 aa
898 3162 1040 3245 regione
1055 3184 1200 3228 uxorem
1226 3185 1372 3252 accepe-

422 3268 479 3325 rat
502 3263 553 3325 sic
578 3259 700 3347 dicto),
718 3262 883 3345 Angliam
901 3271 1069 3347 perpetuo
1090 3264 1285 3348 abjuravit3
1309 3269 1371 3333 sed

421 3362 578 3443 vigorem
591 3364 799 3426 sacramenti
815 3364 1023 3447 temperavit
1037 3363 1199 3447 adjectio,
1213 3367 1282 3431 nisi
1297 3370 1371 3452 regi

422 3462 552 3544 placito
565 3462 771 3545 quandoque
784 3463 1009 3528 satisfecisset
1024 3464 1200 3547 obsequio.

259 3578 361 3619 rrouua
371 3576 394 3615 in
473 3562 577 3645 §392
591 3562 691 3625 Tunc
704 3561 766 3625 sax
781 3562 948 3627 bellorum
965 3564 1118 3627 immissa
1130 3563 1370 3647 Normanuiae,

258 3628 390 3717 m*
420 3662 629 3745 perfidorum
645 3662 871 3740 admixtione,
887 3664 988 3745 quasi
1002 3664 1179 3745 rogalibus
1196 3664 1372 3735 alimentis

421 3763 586 3841 animata,
613 3763 803 3840 convaluit,
826 3763 1093 3847 circumquaque
1119 3766 1235 3847 posita
1261 3770 1372 3833 corri-

258 3873 357 3927 anrlnnd
365 3862 527 3976 sapiens
579 3863 644 3927 Est
669 3864 759 3927 euim
784 3862 1001 3927 Normanuia
1025 3872 1223 3947 opportuna
1247 3876 1284 3931 et
1308 3889 1371 3951 pa·

257 3930 324 3969 Μ
256 3983 340 4019 annu
340 3980 386 4019 teu·
419 3964 509 4028 tiens
539 3964 708 4078 malorum
741 3963 928 4043 nutricula,
963 3966 1124 4047 quamvis
1155 3986 1225 4031 nou
1258 3968 1372 4033 multo

451 4209 649 4309 ¹Diutsraum.]
662 4239 695 4291 A.
706 4243 736 4291 0.
748 4242 784 4291 D.
793 4242 825 4290 Ε.
834 4240 878 4301 b.;
939 4236 1081 4304 ²Ingem.]
1106 4239 1140 4291 A.
1162 4242 1191 4290 C.
1211 4242 1246 4293 D.
1267 4243 1298 4293 E.
1319 4244 1370 4306 L.;

414 4312 556 4374 derectum,
568 4311 597 4360 S.
904 4310 998 4373 rigens,
1009 4310 1038 4360 S.
