3100 5050
281 2023 355 2072 fleury
363 2022 382 2063 ir

280 2074 385 2122 knighcod
396 2074 424 2123 by

439 528 506 594 616
655 543 769 593 casm
794 543 920 592 nacon
944 543 1159 592 rrononou.
1255 527 1345 609 [ma.
1361 543 1392 588 v.

440 700 576 784 losophi
601 708 799 783 regnarent,
823 700 879 764 vel
909 719 1010 781 reges
1039 699 1393 783 philosopharentur!

444 801 672 885 Philosophia
694 821 778 883 ergo
806 820 876 864 non
900 800 986 864 adeo
1009 799 1145 863 exiliter
1170 799 1392 878 informatus

444 902 572 966 sensim
585 902 740 965 discebat
754 909 793 965 ut
807 919 970 964 successu
981 899 1145 982 temporis
1159 901 1392 983 provinciales

444 1003 562 1066 mitius
588 1003 791 1079 contineret,
818 1002 944 1065 milites
966 999 1102 1064 nonnisi
1127 1000 1392 1082 diligentissime

444 1103 627 1185 explorata
640 1103 846 1166 necessitate
862 1101 1074 1165 committere
1090 1101 1229 1164 sineret.
1265 1101 1392 1186 Itaque

443 1204 628 1286 pueritiam
651 1202 695 1265 ad
720 1221 818 1285 spem
838 1203 938 1284 regni
956 1201 1066 1265 literis
1089 1201 1286 1281 muniebat3
1311 1205 1393 1267 sub-

443 1302 535 1380 inde,
548 1311 647 1386 patre
658 1322 795 1385 quoquc
807 1302 980 1378 audiente,
991 1299 1156 1384 jactitare
1171 1303 1402 1382 proverbium

443 1403 579 1480 solitus,
594 1409 605 1437 ‘
618 1403 699 1467 Rex
712 1402 908 1479 illiteratus,
926 1402 1043 1465 asinus
1061 1401 1272 1464 coronatus!
1326 1404 1393 1470 Fa·

443 1510 524 1566 runt
552 1503 741 1585 quinetiam
779 1503 968 1584 genitorem
1005 1521 1075 1564 non
1113 1510 1394 1584 praetereuntcm,

442 1609 565 1667 notata
580 1622 713 1666 mamm
734 1601 810 1685 ejus
831 1602 1079 1685 compositione
1092 1601 1216 1685 quibus
1233 1603 1394 1669 vivacem

443 1703 663 1786 prudentiam
685 1702 806 1778 aleret,
821 1703 865 1766 ab
878 1720 948 1765 uno
970 1701 1115 1765 fratrum
1137 1701 1271 1779 laesum,
1289 1710 1326 1768 et
1341 1706 1394 1769 la·

444 1802 679 1885 obrymantem
703 1801 757 1865 his
782 1803 965 1879 animasse,
990 1801 1072 1865 ‘Ne
1095 1800 1192 1880 fleas,
1216 1803 1278 1881 fili,
1304 1825 1393 1887 quo-

444 1902 536 1965 niam
550 1910 586 1966 et
599 1909 639 1966 tu
652 1922 715 1966 rex
728 1902 821 1966 eris.'
911 1885 918 1898 ’

489 2001 594 2085 9391.
605 1997 794 2066 ¹Vicesimo
808 2021 891 2083 ergo
905 2001 1016 2085 primo
1027 2000 1125 2082 regni
1139 2003 1275 2083 paterni
1286 2022 1392 2082 anno,

281 2124 400 2172 aurosa,
443 2103 559 2166 aetatis
588 2122 661 2166 suae
689 2101 951 2178 nonodecimo,
979 2101 1015 2164 in
1046 2100 1266 2179 Pentecoste,
1295 2105 1391 2186 apud

282 2174 331 2213 aab
341 2174 391 2222 May

282 2201 404 2265 nonai
442 2201 792 2266 westmonasterium
821 2201 968 2285 sumpsit
994 2219 1090 2264 arma
1122 2219 1143 2264 a
1168 2207 1278 2282 patre,
1311 2223 1392 2267 cum

443 2321 512 2383 quo
530 2308 612 2365 tunc
628 2301 881 2396 Normanniam
902 2299 1084 2382 navigans,
1098 2320 1168 2364 non
1183 2300 1293 2366 multo
1310 2312 1393 2384 post

441 2420 594 2482 praesens
616 2400 728 2465 funeri
746 2401 822 2486 ejus
843 2402 966 2478 astitit,
982 2399 1116 2464 caeteris
1137 2399 1390 2485 fratribusque

442 2519 611 2584 quemque
632 2521 712 2585 spes
728 2501 858 2567 tulerat
876 2498 1032 2584 dilapsis,
1046 2507 1085 2564 ut
1097 2499 1254 2582 superior
1275 2521 1391 2568 sermo

441 2619 511 2663 non
536 2602 696 2666 occuluit.
748 2602 971 2685 Quapropter
984 2600 1130 2682 paterna
1151 2599 1390 2667 benedictione
1436 2592 1440 2599 ¹
1535 2672 1536 2703 1

441 2707 478 2765 et
506 2710 662 2766 materna
695 2702 911 2779 haereditate,
940 2700 1042 2764 simul
1075 2707 1110 2763 et
1140 2699 1391 2781 multiplicibus

441 2800 614 2865 thesauris
625 2796 757 2879 ²nixus,
773 2802 994 2886 supercilium
1006 2818 1247 2882 germanorum
1262 2819 1388 2882 parurn

440 2899 602 2981 faciebat,
622 2903 760 2985 utrique
774 2902 831 2968 vel
853 2900 1089 2965 assistens'vel
1112 2900 1301 2964 adversans
1324 2922 1388 2985 pro

440 3002 583 3068 merito:
606 3002 804 3067 inclinatior
828 3019 931 3085 porro
959 3000 1113 3065 Roberto
1138 3019 1201 3082 pro
1224 3019 1387 3067 mansue-

439 3101 571 3180 tudine,
587 3103 663 3187 ejus
678 3102 859 3167 lenitatem
879 3121 943 3166 suo
965 3101 1079 3183 rigore
1102 3101 1286 3182 satagebat
1303 3121 1387 3168 acu·

439 3218 508 3265 ere.
575 3202 717 3280 Contra,
744 3202 820 3280 ille,
847 3202 954 3267 noxia
979 3199 1146 3263 facilitate
1174 3200 1387 3268 delatoribus

439 3302 610 3381 credulus
628 3302 783 3367 fratrem
814 3303 1023 3366 immeritum
1053 3299 1189 3385 injuriis
1218 3304 1385 3383 vexabat,

438 3421 525 3483 quas
538 3403 595 3467 vel
610 3404 762 3467 breviter
779 3410 903 3467 taxare
917 3422 988 3467 non
1004 3400 1069 3463 erit
1082 3400 1324 3482 incongruum.

278 3516 418 3559 asanaa
489 3501 591 3584 §392
615 3503 668 3567 Eo
686 3511 852 3585 tempore,
874 3522 955 3585 quo,
971 3500 1194 3565 frementibus
1216 3500 1385 3569 adversus

276 3568 396 3618 sumgar·

275 3618 378 3659 brothers

275 3667 342 3719 reign.

436 3600 649 3666 Willelmum
682 3602 872 3667 secundum
896 3600 1037 3684 Angliae
1066 3600 1278 3683 proceribus
1311 3603 1386 3669 Ro·

435 3701 554 3765 bertus
574 3704 610 3766 in
628 3703 846 3767 Normannia
858 3709 1000 3766 ventum
1015 3694 1234 3784 ³prosperum
1257 3722 1387 3786 expec-

470 3999 478 4031 ¹
510 4001 628 4052 Vicesimo
654 4016 712 4063 ergo
736 4000 817 4064 priato
920 4012 982 4061 year
994 4003 1066 4061 1086,
1083 3998 1110 4047 iu
1124 3998 1166 4047 the
1180 4000 1312 4049 twentietb
1324 4016 1390 4064 year

432 4072 524 4135 πω]
548 4072 662 4119 William
684 4070 727 4119 the
751 4070 897 4131 Conqueror
920 4069 949 4119 of
957 4070 997 4118 his
1006 4065 1110 4119 father’s
1120 4070 1201 4131 reign.

433 4156 488 4190 was
504 4141 599 4190 abroad
615 4145 641 4189 at
659 4141 794 4189 Pentecost
809 4142 836 4188 in
852 4140 894 4189 the
955 4137 1084 4203 'Nixasd
1096 4138 1130 4190 A.
1141 4139 1170 4189 S.
1181 4137 1258 4189 (Η).
1269 4139 1389 4204 Ε2.13.;

433 4213 595 4273 twenty-first
617 4225 679 4271 year
699 4209 729 4258 oi
752 4209 793 4257 his
814 4206 895 4272 reign,
918 4212 1076 4270 nexus,El.

432 4281 503 4331 Am.
527 4285 599 4329 1⁰8⁷.
651 4280 742 4340 Henry
758 4279 895 4328 *undoubt-
954 4272 1191 4349 ³Prosperam.]d.
1205 4279 1235 4330 C.
1246 4278 1282 4330 D.
1295 4279 1390 4344 E.L.;

432 4352 492 4413 edly
503 4350 617 4400 received
634 4348 791 4412 knighthood
809 4350 835 4397 in
852 4350 895 4399 the
906 4387 908 4403 ,
919 4352 1023 4401 omitted
1034 4352 1060 4400 in
1072 4350 1100 4400 S.
