3100 5050
396 508 464 572 440
615 521 729 572 casas
756 520 884 570 aucun
910 517 1123 568 suenorum.
1195 499 1282 584 [nra.
1297 514 1352 568 ιιι.

306 693 311 704 “
398 679 478 744 ebio
494 687 609 764 capto,
625 699 730 765 super
741 677 906 744 Alexium
921 681 1164 765 imperatorem
1179 675 1353 743 Constan-

402 781 670 863 tinopolitauum
712 781 859 845 ulterius
898 780 1211 863 progrediebatur:
1251 780 1354 843 saevi-

402 887 517 946 entem
541 881 683 946 retinuit
714 881 863 946 nuncius
894 879 1127 945 Hildebrandi
1157 880 1353 961 apostolici.

397 980 601 1064 -lmperator
622 983 713 1046 enim
733 980 1008 1046 Alamannorum
1033 975 1238 1057 ¹Henricus,
1262 980 1354 1045 filius

403 1081 551 1146 Henrici
582 1075 645 1148 ²de
678 1103 748 1166 quo
784 1100 891 1165 supra
928 1081 1208 1158 memoravimus,
1242 1081 1353 1146 iratus

402 1189 527 1247 contra
549 1203 677 1267 papam
693 1182 787 1266 quod
811 1183 1204 1247 excommunicationem
1220 1181 1257 1245 in
1274 1201 1353 1246 eum

403 1291 546 1366 propter
571 1284 796 1350 investituras
817 1282 1041 1348 ecclesiarum
1062 1280 1356 1366 promulgaverat,

403 1397 484 1448 'cum
512 1386 668 1450 exercitu
692 1385 847 1461 veniens,
868 1377 1036 1448 ³Romam
1062 1382 1210 1459 obsedit,
1231 1382 1355 1447 Hilde-

405 1485 575 1550 brandum
605 1485 752 1570 expulit,
779 1485 987 1549 Guibertum
1015 1483 1281 1549 Ravennantem
1303 1485 1355 1547 in·

405 1585 573 1651 troduxit.
625 1585 706 1665 Quo
733 1606 796 1670 per
825 1586 944 1650 literas
974 1585 1112 1668 expulsi
1140 1584 1355 1648 Guiscardus

404 1685 539 1765 audito,
561 1687 682 1752 relicto
703 1687 777 1752 filio
799 1685 1005 1751 Boamundo
1028 1705 1108 1751 cum
1128 1685 1294 1749 militibus
1316 1691 1357 1749 ut

405 1785 568 1853 inchoata
585 1795 732 1871 paterna
749 1793 1027 1870 persequeretur,
1044 1784 1211 1870 Apuliam
1233 1786 1355 1850 rediit:

404 1894 586 1952 contracta
609 1888 775 1953 velociter
797 1886 992 1970 Apulorum
1015 1893 1051 1952 et
1076 1886 1357 1951 Normannorum

406 2005 523 2066 manu,
543 1987 690 2053 Romam
708 1988 884 2053 tendebat.
923 1987 1000 2052 Nec
1014 1987 1181 2052 sustinuit
1195 1988 1356 2052 nuncium

405 2086 623 2154 advenientis
640 2088 831 2166 Henricus,
845 2088 930 2172 quin
955 2107 1033 2152 cum
1050 2087 1140 2152 falso
1160 2107 1264 2171 papa,
1282 2081 1358 2152 sola

406 2186 501 2252 lama
523 2179 678 2267 territus,
699 2195 800 2271 terga
814 2182 943 2254 ⁴daret.
989 2187 1113 2253 Vacua
1131 2188 1177 2252 ab
1200 2190 1357 2253 obsesso·

406 2288 516 2367 ribus,
549 2288 663 2354 Roma
684 2289 876 2372 legitimum
898 2279 1081 2370 praesulem
1108 2289 1262 2372 accepit3
1295 2287 1357 2352 sed

406 2407 479 2453 non
494 2389 605 2454 multo
621 2396 713 2473 post,
735 2390 856 2453 eadem
872 2389 1038 2454 violentia
1055 2408 1126 2470 qua
1147 2390 1256 2472 prius,
1273 2390 1372 2453 ami-2

406 2488 465 2555 sit.
516 2489 616 2555 Tunc
638 2508 778 2574 quoque
804 2488 966 2568 Alexius,
993 2488 1139 2554 audiens
1165 2488 1358 2556 Robertum

330 2607 350 2633 '·
405 2589 451 2657 ad
478 2610 543 2656 sua
569 2590 762 2656 necessario
782 2597 996 2668 revocatum,
1020 2610 1258 2674 summamque
1283 2605 1358 2655 ma·‘
1454 2623 1462 2631 ·

405 2711 488 2755 num
504 2692 597 2757 bello
609 2691 790 2774 imponere
802 2710 958 2773 sperans,
979 2709 1087 2773 supra
1103 2691 1359 2770 Boamundum,

405 2791 468 2874 qui
496 2799 614 2875 partes
641 2792 781 2857 relictas
806 2793 980 2868 tuebatur,
1007 2785 1146 2872 ⁵irruit;
1175 2790 1240 2856 sed
1265 2791 1359 2857 Nor·

406 2911 566 2970 mannus,
585 2892 749 2974 gentilitii
765 2892 899 2956 roboris
914 2898 1023 2955 tenax
1038 2890 1252 2970 adolescens,
1267 2893 1358 2956 arie-

407 2999 524 3058 tantes
554 2993 710 3068 Graecos,
749 2999 786 3056 et
822 3000 968 3056 caeteras
1008 3011 1086 3074 quaa
1125 3001 1362 3058 convenerant

407 3080 541 3175 gentes
570 3114 637 3157 usn
663 3092 818 3170 militari,
849 3092 1009 3176 quamvis
1043 3092 1191 3156 multum
1215 3112 1359 3158 numero

407 3192 559 3271 inferior,
573 3194 667 3275 sugae
690 3192 843 3256 tradidit.
895 3191 1026 3256 Eodem
1046 3212 1185 3276 quoque
1202 3201 1361 3276 tempore

407 3291 549 3379 Veneti,
566 3312 651 3374 gens
673 3293 761 3357 mari
784 3288 936 3369 assueta,
955 3289 1198 3372 Guiscardum,
1217 3301 1362 3377 propter

406 3412 486 3476 quae
511 3400 655 3459 venerat
679 3393 822 3470 sedatis,
849 3391 1076 3457 transfretare
1102 3392 1275 3459 volentem
1297 3414 1361 3478 ag-

406 3494 529 3575 gressi,
565 3495 775 3578 superiorem
814 3491 1048 3558 calamitatem
1081 3512 1240 3575 sensere3
1276 3514 1361 3578 pars

405 3594 510 3670 mersi
527 3601 562 3658 et
579 3596 672 3671 caesi,
689 3612 771 3676 pars
790 3591 915 3676 fugati.
968 3592 1047 3670 Ille,
1063 3601 1215 3676 coeptam
1241 3597 1361 3661 enavi-

406 3713 494 3776 gans
509 3695 614 3772 viam,
636 3694 764 3758 multas
786 3693 948 3757 civitates
962 3690 1082 3757 Alexii
1097 3713 1170 3757 suae
1184 3694 1361 3761 voluntati

407 3956 414 3963 “
442 3968 452 4002 ¹
469 3970 603 4033 sarua,
625 3968 699 4036 flaua
729 3966 869 4032 flama]
895 3964 1016 4026 besieged
1033 3965 1067 4026 ay
1080 3964 1170 4026 fleury
1185 3964 1214 4013 in
1231 3964 1275 4015 tna
1285 3982 1362 4028 ysam

407 4043 556 4108 HemyW,
644 4096 646 4101 ,
828 4094 832 4100 ,
896 4039 960 4085 1081
973 4034 1024 4084 and
1037 4038 1111 4085 1084.

408 4118 413 4151 '¹
440 4140 502 4193 'De
512 4159 558 4207 quo
573 4158 647 4207 sulm
663 4133 869 4209 mensuravimus]
897 4104 1055 4226 cjgafft]
1073 4103 1145 4155 Μ’
1155 4120 1163 4166 3
1174 4104 1315 4170 dmmt’
1325 4107 1365 4191 Δῖ

404 4216 488 4279 §1⁸9,
498 4230 525 4277 p.
538 4218 597 4277 822,
607 4218 633 4263 et
643 4228 697 4275 seq.
928 4243 939 4273 ὅ
950 4238 1056 4315 Μ’]
1073 4244 1147 4297 Μ.
1160 4246 1195 4297 D·
1206 4247 1240 4299 E·
1251 4247 1301 4310 L&
1318 4264 1363 4300 W

439 4314 564 4367 'Romam
583 4316 697 4383 obsedit]
715 4318 795 4368 Rome
813 4329 869 4367 was
893 4317 940 4378 nit,
953 4316 995 4389 0.4
1052 4382 1056 4387 ,
