3100 5050
159 478 302 560 u1n.v.]
390 493 504 544 cussa
527 495 655 546 arcun
679 495 894 546 uueuoauu.
1046 481 1111 546 641

161 659 217 717 ter
226 653 447 734 continebat3
462 652 556 718 fures
569 661 605 719 et
620 653 780 720 falsarios
797 653 946 720 latentes
957 655 1113 721 maxima

161 752 346 835 diligentia
361 761 597 837 perscrutans,
613 754 773 820 inventos
789 756 935 837 puniens
949 776 958 835 ;
985 774 1111 837 parva-

162 872 240 917 rum
258 874 396 937 quoque
418 873 532 917 rerum
551 874 622 918 nou
638 855 829 937 negligens.
882 848 989 919 1Οιιιιι
1013 874 1113 918 num-

163 972 240 1017 mos
253 953 395 1031 fractos,
406 954 489 1018 licet
500 954 583 1017 boni
598 955 747 1036 argenti,
759 973 782 1018 a
792 955 1029 1018 venditoribus
1043 975 1112 1018 non

164 1053 273 1136 recipi
295 1053 463 1130 audisset,
479 1073 597 1118 omues
610 1054 666 1118 vel
691 1052 807 1136 frangi
823 1054 879 1118 vel
901 1053 1006 1118 incidi
1023 1073 1114 1137 prae·

164 1152 269 1235 cepit.
338 1153 575 1217 Mercatorum
601 1152 726 1218 falsam
751 1153 871 1217 ulnam
903 1154 1113 1236 castigavit3

164 1252 300 1317 brachii
323 1253 378 1316 sui
410 1272 572 1317 mensura
601 1253 768 1330 adhibita,
796 1253 1023 1336 omnibusque
1054 1273 1116 1336 per

166 1349 335 1434 Angliam
350 1350 541 1436 proposita.
585 1344 802 1416 ²Gurialibus
819 1353 904 1430 suis,
919 1354 1115 1436 ubicunque

166 1451 329 1516 villarum
356 1460 461 1530 esset,
490 1458 659 1536 quantum
683 1471 706 1516 a
726 1453 866 1516 rusticis
889 1453 999 1534 gratis
1025 1453 1115 1516 acci·

167 1570 262 1634 pere,
275 1560 444 1634 quantum
462 1559 497 1616 et
512 1558 620 1634 quoto
640 1553 752 1635 pretio
774 1572 887 1616 emere
904 1551 1117 1630 debuissent,

168 1651 281 1715 edixit
301 1672 311 1732 3
348 1659 623 1734 transgressores
661 1651 717 1716 vel
755 1651 856 1733 gravi
892 1653 1117 1734 pecuniarum

168 1751 311 1830 mulcta,
326 1751 383 1816 vel
403 1753 486 1816 vitae
508 1750 700 1834 dispendio,
722 1750 887 1816 afficiens.
940 1749 1117 1834 Principio

169 1851 282 1933 regni,
299 1857 340 1915 ut
354 1858 485 1916 terrore
499 1850 652 1934 exempli
674 1870 752 1915 reos
770 1851 935 1928 inureret,
952 1850 996 1914 ad
1012 1871 1117 1914 mem·

168 1951 311 2014 brorum
336 1950 646 2027 detruncationem,
672 1957 754 2033 post
775 1951 819 2015 ad
842 1951 998 2034 pecuniae
1023 1951 1118 2014 solu·

170 2050 299 2114 tionem
318 2051 526 2133 proclivior3
552 2070 615 2133 pro
632 2069 767 2114 morum
781 2049 977 2133 prudentia,
992 2057 1032 2113 ut
1047 2050 1118 2114 fere

170 2148 238 2214 fert
265 2157 391 2214 natura
415 2149 625 2227 mortalium,
653 2150 879 2232 optimatibus
900 2150 1118 2228 venerabilis,

171 2249 442 2333 provincialibus
459 2250 617 2313 amabilis
639 2248 842 2314 habebatur.
895 2247 999 2327 Quod
1013 2249 1043 2312 si
1059 2251 1119 2332 qui

171 2349 354 2434 majorum,
374 2350 484 2434 jurati
511 2350 718 2413 sacramenti
742 2349 970 2426 immemores,
996 2367 1018 2412 a
1040 2348 1119 2413 fidei

170 2449 311 2514 tramite
344 2450 592 2527 exorbitarent,
626 2449 803 2527 continno,
834 2456 870 2514 et
896 2448 1118 2513 consiliorum

171 2549 326 2614 efficacia
348 2557 384 2614 et
404 2550 562 2615 laborum
582 2550 853 2632 perseverantia,
876 2568 1038 2613 erroneos
1065 2570 1119 2615 re-

171 2651 323 2715 vocabat
330 2650 374 2714 ad
387 2650 535 2730 lineam3
551 2669 615 2732 per
629 2650 853 2732 asperitatem
864 2650 1046 2714 vulnerum
1060 2650 1120 2715 de-

171 2756 362 2815 trectantes
375 2749 543 2813 reducens
554 2749 598 2814 ad
612 2749 798 2814 sanitatem
815 2749 1019 2813 animorum.
1044 2750 1120 2815 Nec

172 2848 275 2915 facile
293 2868 398 2933 quam
411 2849 595 2914 diuturnos
606 2848 750 2913 sudores
766 2850 803 2913 in
821 2849 950 2913 talibus
962 2850 1121 2915 effuderit

172 2968 384 3026 enumerem,
400 2948 483 3013 dum
507 2948 593 3012 nihil
608 2949 741 3031 patitur
754 2949 904 3013 inultum
919 2949 1012 3031 quod
1027 2967 1049 3012 a
1061 2950 1121 3013 de-

171 3048 410 3132 linquentibus
434 3049 654 3113 commissum
670 3047 833 3131 dignitati
849 3068 922 3112 suae
939 3068 1009 3111 non
1030 3056 1123 3113 esset

172 3156 456 3213 consentaneum.
509 3148 713 3231 Pugnatum
737 3155 814 3211 erat
840 3148 994 3212 maxima
1016 3167 1123 3213 causa

176 3247 409 3325 Normannia,
440 3254 481 3311 ut
505 3255 587 3312 aute
612 3247 699 3324 dixi,
726 3247 764 3310 in
792 3266 863 3330 qua
891 3248 966 3330 ipse
993 3248 1125 3329 pariter

173 3348 294 3412 multis
312 3348 411 3411 annis
421 3346 563 3429 degens,
575 3345 714 3429 Angliae
725 3365 863 3429 quoque
875 3348 1123 3429 prospiciebat3

174 3447 271 3512 nullo
294 3446 445 3511 audente
466 3453 574 3530 caput
596 3448 729 3529 erigere
745 3445 828 3509 dum
847 3446 906 3509 ille
932 3446 1124 3525 audaciam,

210 3735 219 3769 ¹
233 3738 298 3786 Cam
307 3750 415 3785 nume
424 3734 537 3795 fructos.
550 3770 558 3787 .
570 3770 578 3787 .
589 3751 639 3785 om·
663 3737 771 3799 quality,
779 3736 830 3785 and
841 3741 869 3786 at
877 3735 921 3786 the
932 3750 1002 3786 same
1010 3736 1070 3785 tirno
1080 3736 1127 3786 left

173 3824 216 3857 aee
226 3806 405 3868 eelsruagieel
414 3805 492 3854 incidi
499 3807 638 3871 precepit]
663 3822 696 3856 no
712 3811 812 3869 pretext
822 3806 861 3856 for
876 3807 990 3869 refusing
1001 3808 1064 3855 iton
1080 3822 1126 3856 ac·

173 3877 288 3927 ‘Whilst
305 3876 494 3938 endeavouring
507 3882 534 3925 to
549 3877 639 3926 distin-
663 3881 739 3925 count
749 3876 779 3925 of
786 3878 819 3925 its
830 3876 907 3939 being
922 3877 1016 3926 broken
1026 3890 1130 3937 money.

175 3947 253 4011 guish
275 3945 342 4009 good
363 3946 421 3994 coin
438 3944 502 3994 from
524 3951 639 3995 counter-
663 3947 697 3996 V.
716 3946 862 4007 Ildmerum,
886 3947 956 3997 Hist.
980 3947 1077 3997 Novar.
1098 3962 1126 4008 p.

173 4017 243 4080 faits,
259 4016 304 4065 the
322 4016 399 4065 silver
414 4030 499 4077 penny
516 4031 572 4066 was
590 4017 640 4065 fre·
663 4015 714 4067 aa’
729 4011 936 4083 (Sharpe‚t⁰f.)
1009 4030 1011 4033 ·

175 4085 282 4149 quently
288 4085 395 4147 broken,
401 4084 452 4134 and
460 4086 520 4135 then
526 4085 638 4135 refused.

176 4156 290 4217 Henry’s
303 4155 379 4203 order
392 4155 515 4205 therefore
532 4156 588 4205 that
603 4156 639 4205 ull
699 4152 711 4182 ³
730 4154 873 4205 Cerialibus
891 4152 963 4215 cuia]
991 4154 1046 4205 hl.
1064 4154 1128 4205 ends

177 4226 269 4277 should
290 4225 322 4275 be
344 4225 449 4288 broken,
467 4226 574 4276 enabled
589 4241 640 4288 any
664 4225 784 4287 abruptly
801 4226 864 4274 with
881 4224 952 4275 these
969 4225 1064 4289 words,
1085 4225 1128 4275 the

179 4311 225 4351 one
236 4295 407 4357 immediately
418 4298 445 4344 to
460 4298 585 4346 eacertuin
597 4296 640 4345 the
666 4294 724 4345 MS.
734 4296 811 4358 being
821 4295 954 4345 defective.
