3100 5050
160 493 320 574 nin.111.]
383 507 502 588 ⁸‹rnsrn
529 509 655 559 annun
680 506 893 559 anctorum
1046 490 1112 559 413

159 667 347 747 haberent;
370 665 479 750 Angli
504 668 595 732 enim
617 667 776 750 superius
797 667 932 731 labrum
954 665 1034 750 pilis
1056 668 1110 730 in·
1124 689 1247 730 annes.

160 775 337 832 cessanter
348 757 612 832 fructicantibus
625 769 801 831 intonsum
815 767 1005 845 dimittunt,
1019 767 1110 849 quod

160 869 264 932 etiam
293 867 503 950 gentilitium
530 869 683 949 antiquis
698 867 899 931 Britonibus
923 867 1029 930 fuisse
1045 867 1111 930 Ju-

160 967 227 1030 lius
244 966 363 1032 Caesar
378 975 555 1033 asseverat
567 961 620 1030 lin
634 967 722 1031 libro
736 967 828 1031 Belli
843 966 983 1031 Gallici.
1022 966 1111 1031 Sub-

160 1068 238 1131 risit
253 1086 317 1131 rex
332 1067 528 1134 fatuitatem
552 1067 784 1144 referentium,
799 1067 913 1150 lepido
934 1067 1112 1131 insecutus

159 1166 341 1244 cachinno,
358 1167 440 1248 quia
460 1188 529 1231 non
552 1175 669 1232 essent
683 1168 887 1250 presbyteri,
902 1165 963 1231 sed
983 1167 1112 1231 milites

157 1267 265 1330 armis
280 1266 398 1345 validi,
421 1267 544 1331 animis
564 1266 694 1331 invicti.
741 1267 875 1350 Rapuit
889 1285 973 1348 ergo
992 1286 1038 1330 ex
1052 1286 1112 1331 ore
1124 1284 1267 1346 quonum-

159 1367 269 1449 ipsius
287 1386 479 1431 sermonem
492 1360 648 1430 ²Gurtha
661 1366 780 1445 frater,
794 1367 873 1450 plus
889 1386 997 1449 puero
1013 1366 1111 1430 adul·
1123 1341 1201 1425 {iiim
1211 1336 1256 1375 ω’

159 1473 230 1544 tus,
245 1473 282 1530 et
303 1485 439 1548 magnae
459 1467 552 1530 ultra
574 1473 713 1530 aetatem
728 1466 868 1531 virtutis
889 1473 924 1530 et
945 1466 1111 1532 scientiae.

161 1565 289 1631 ‘Cum’
307 1563 454 1651 (inquit)
477 1572 632 1631 ‘tantam
655 1566 893 1630 fortitudinem
916 1565 1112 1630 Normanni

159 1667 339 1748 praedices,
360 1666 623 1730 indeliberatum
648 1666 783 1731 aestimo
805 1686 884 1731 cum
908 1666 969 1730 illo
990 1666 1110 1730 confli-

161 1785 255 1848 gere,
281 1758 368 1848 ³quo
401 1766 542 1830 inferior
567 1767 690 1830 robore
718 1775 754 1831 et
787 1766 911 1830 merito
937 1766 1109 1830 habearis

162 1865 239 1929 Nec
263 1865 353 1929 enim
376 1867 443 1930 ibis
459 1867 497 1930 in
517 1866 652 1930 inficias
674 1867 758 1948 quin
781 1866 834 1935 illi
855 1875 1110 1932 sacramentum

160 1965 216 2029 uel
238 1965 369 2029 invitus
386 1966 441 2031 vel
458 1967 675 2031 voluntarius
690 1965 832 2045 feceris3
861 1966 1005 2050 proinde
1027 1985 1110 2030 con-

159 2065 286 2129 sultius
303 2084 386 2147 ages
404 2067 446 2143 si,
460 2067 608 2131 instanti
626 2066 824 2131 necessitati
841 2073 877 2130 te
891 2065 1110 2143 subtrahens,

159 2172 278 2229 nostro
292 2165 446 2247 periculo
459 2165 645 2231 colludium
660 2185 787 2249 pugnae
801 2166 1011 2230 tentaveris:
1034 2185 1111 2243 nos,

159 2266 253 2328 omni
264 2264 464 2348 juramento
489 2266 654 2349 expediti,
666 2267 763 2350 juste
778 2266 903 2330 ferrum
920 2285 984 2348 pro
998 2266 1112 2348 patria

159 2365 381 2446 stringemus.
434 2365 640 2430 Timendum
656 2386 711 2444 ne,
727 2368 757 2431 si
773 2367 848 2449 ipse
863 2365 1039 2443 decernas,
1054 2366 1111 2429 vel

160 2463 279 2547 fugam
293 2466 350 2531 vel
367 2474 512 2531 mortem
530 2473 696 2549 oppetas:
721 2466 795 2544 sed,
811 2467 909 2530 nobis
923 2465 1007 2531 solis
1020 2485 1111 2549 pree·

159 2565 336 2643 liantibus',
358 2585 464 2631 causa
488 2574 549 2631 tua
571 2566 754 2650 utrobique
780 2568 942 2649 inportu
966 2566 1110 2648 naviga-

159 2666 230 2745 bit3
255 2666 338 2749 quia
363 2674 398 2730 et
419 2666 591 2749 fugientes
612 2668 805 2743 restituere,
828 2673 864 2730 et
880 2673 1034 2730 mortuos
1055 2666 1111 2734 ul·.

160 2766 252 2843 cisci,
270 2767 425 2849 poteris!
509 2794 510 2799 ¹

209 2865 319 2948 §24st
345 2865 469 2933 Noluit
490 2866 668 2931 effraenata
692 2865 870 2931 temeritas
892 2884 1011 2928 aurem
1032 2864 1108 2947 pla·
1120 2877 1260 2977 ffigm

159 2964 271 3028 cidam
289 2965 444 3030 monenti
457 2965 685 3044 commodare,
706 2965 910 3033 existimans
924 2964 1108 3046 inglorium
1121 2986 1143 3017 to
1152 2980 1240 3019 Harud-

159 3072 193 3129 et
203 3072 375 3131 anteactae
385 3067 466 3131 vitae
481 3066 701 3148 opprobrium
717 3066 910 3148 cuicunque
920 3059 1109 3129 discrimini

159 3170 258 3247 terga
292 3165 445 3230 nudare:
483 3166 670 3248 eademque
701 3165 927 3247 impudentia,
956 3165 1024 3241 vel,
1054 3164 1107 3229 in·

158 3263 357 3346 dulgentius
379 3265 505 3343 dicam,
520 3265 764 3348 imprudentia,
786 3263 1003 3341 monachum,
1017 3263 1108 3329 Wil-

159 3363 251 3427 lelmi
273 3364 439 3447 legatum,
460 3384 524 3429 nec
549 3367 640 3429 bono
662 3365 764 3430 vultu
789 3365 953 3446 dignatus
973 3364 1109 3428 turbide

158 3465 296 3546 abegit3
330 3465 396 3529 hoc
424 3472 561 3529 tantum
590 3466 795 3547 imprecans,
828 3470 869 3527 ut
896 3463 993 3527 Deus
1017 3464 1109 3528 inter

158 3583 235 3627 eum
248 3572 284 3629 et
300 3564 514 3629 Willelmum
526 3564 714 3649 Judicaret.
752 3563 930 3631 Afferebat
944 3563 1003 3628 ille
1020 3564 1106 3629 tria:

191 3817 199 3852 ¹-
212 3820 244 3868 In
263 3818 325 3867 libre
337 3817 405 3867 Belli
423 3816 537 3879 Gallici]
554 3815 620 3865 ‘Ga-
644 3815 746 3865 brother
756 3814 786 3863 of
793 3814 903 3870 Harold,
913 3827 968 3862 was
981 3811 1108 3860 undoubt-

158 3889 267 3955 pilloque
278 3890 478 3949 suntpromissa
486 3891 621 3947 atqueom-
645 3886 704 3947 edly
715 3885 780 3934 slaiu
799 3889 826 3933 at
837 3885 879 3933 the
896 3883 975 3931 battle
987 3881 1016 3929 oi
1028 3881 1107 3929 Hast-

158 3960 182 4006 ni
202 3964 275 4021 parte
297 3958 409 4019 corporis
439 3971 507 4017 rasa,
529 3961 621 4017 praeter
644 3956 716 4018 ings3
740 3956 788 4003 but
803 3956 829 4002 in
847 3953 890 4001 the
908 3951 1032 3999 Harleian
1049 3950 1106 3997 MS.

159 4036 233 4091 caput
244 4034 270 4079 et
280 4030 379 4077 labrum
390 4026 527 4087 superius:
549 4024 619 4092 (Lib.
645 4030 719 4087 etto,
734 4024 778 4075 fol.
792 4024 857 4073 211).
874 4022 944 4070 there
954 4022 977 4068 is
989 4033 1005 4066 a
1015 4018 1106 4079 legend

158 4112 181 4148 v.
197 4115 219 4149 c.
237 4104 278 4149 14.
298 4098 358 4148 Caii
372 4096 439 4147 Julii
459 4096 570 4146 Caesaris
588 4097 620 4145 de
644 4095 699 4143 that
715 4094 815 4145 Guerth
837 4090 945 4151 escaped
964 4089 1039 4148 alive,
1056 4088 1107 4136 and

160 4168 229 4219 Bello
240 4169 361 4227 Galliam
376 4167 418 4215 ed.
435 4166 621 4229 Oudendorpii,
644 4179 766 4214 wasseen
777 4165 803 4211 in
815 4166 926 4211 extreme
932 4172 980 4219 age
991 4159 1025 4218 by
1037 4158 1107 4218 King

160 4238 238 4301 Lugd.
250 4241 344 4288 Batav.
357 4239 443 4291 1⁷³⁷.)
646 4236 735 4295 Henry
746 4234 788 4281 the
800 4230 906 4281 Second.

192 4307 202 4337 ²
218 4310 317 4359 Gurtbu
326 4306 434 4369 fraten]
452 4304 561 4367 Guerth,
578 4306 620 4353 the
681 4302 691 4333 ³
704 4304 779 4365 Qua]
788 4300 821 4351 A.
833 4301 863 4350 S.
872 4300 907 4348 D.
917 4299 949 4348 E.
957 4299 1004 4358 L.;
1015 4298 1069 4359 qui,
1076 4297 1105 4345 G.
