3100 5050
265 699 351 738 Cantent
359 697 384 738 ot

266 750 306 788 lim
322 749 394 788 dien.

265 798 292 837 v.
301 760 401 848 gnane·

267 849 383 898 Papalvea

425 500 493 566 660
636 514 750 564 cnsra
773 515 901 566 annun
926 513 1138 564 lurconum.
1237 497 1324 579 [um.
1342 512 1376 560 v.

426 671 660 749 concedimus,
681 680 717 738 et
742 672 924 755 praesentis
946 671 1120 755 privilegii
1140 669 1270 753 pagina
1294 687 1377 731 oon-

427 771 616 850 firmamus,
638 780 680 836 nt
704 773 803 854 regni
827 774 879 837 tui
909 771 1081 856 episcopis
1102 771 1159 836 vel
1181 769 1378 844 abbatibus,

425 872 545 949 libere,
569 880 697 956 praeter
713 873 915 938 violentiam
941 873 998 937 vel
1025 871 1220 954 symoniam
1241 868 1375 945 electis,

426 972 670 1039 investituram
688 973 796 1055 virgas
819 979 855 1036 et
876 972 995 1036 annuli
1016 971 1195 1049 conferas3
1221 976 1304 1052 post
1325 968 1378 1032 in-

427 1073 620 1137 vestionem
633 1092 717 1137 vero
738 1073 904 1137 canonice
928 1071 1224 1136 consecrationem
1245 1069 1377 1150 accipi-

427 1177 489 1236 ant
514 1172 747 1255 abepiscopo
770 1171 941 1255 adquam
967 1171 1185 1254 pertinuerit.
1235 1168 1276 1232 Si
1296 1168 1376 1250 quis

427 1279 544 1336 autem
558 1291 582 1336 a
593 1272 686 1337 clero
703 1272 757 1336 vel
769 1272 913 1355 populo,
929 1277 1057 1355 praeter
1070 1289 1249 1334 assensum
1263 1274 1376 1344 tuum,

427 1372 559 1436 electus
584 1371 700 1449 fuerit,
738 1371 806 1436 nisi
829 1392 852 1437 a
877 1377 912 1436 tc
947 1371 1164 1447 investiatur,
1190 1387 1212 1433 a
1238 1369 1377 1432 nemine

427 1482 668 1552 consecretur3
692 1473 848 1555 exceptis
863 1471 1023 1536 nimirum
1040 1470 1109 1534 illis
1124 1471 1184 1552 qui
1197 1469 1253 1560 vel
1268 1469 1307 1532 in
1322 1487 1377 1532 ar·

428 1571 785 1655 chiepiscoporumvel
794 1573 830 1636 in
840 1570 991 1637 Romani
998 1570 1172 1653 pontificis
1181 1568 1296 1633 solent
1306 1567 1378 1632 dis-

428 1672 599 1755 positione
614 1672 815 1737 consistere.
856 1671 949 1736 Sane
965 1662 1215 1753 archiepiscopi
1228 1669 1287 1733 vel
1303 1669 1376 1751 epi-

428 1771 525 1854 scopi
541 1771 736 1836 libertatem
750 1771 903 1836 habeant
916 1789 938 1834 a
952 1778 988 1836 te
1000 1770 1183 1834 investitos
1194 1769 1379 1859 episcopos

430 1871 486 1935 vel
501 1872 645 1935 abbates
658 1872 824 1936 canonice
837 1869 1082 1936 consecrandi:
1105 1869 1379 1952 predecessores
1411 1947 1417 1959 Ι

429 1971 520 2035 enim
546 1971 654 2035 vestri
677 1972 842 2036 ecclosias
866 1972 965 2054 regui
989 1969 1043 2034 sni
1069 1969 1177 2034 tantis
1206 1968 1378 2050 regalium

429 2089 571 2134 suorum
589 2071 765 2136 beneficiis
787 2072 1009 2155 ampliarunt,
1029 2077 1069 2135 ut
1091 2089 1237 2152 regnum
1260 2068 1376 2152 ipsum

431 2163 599 2236 ¹maxime
635 2171 875 2254 episcoporum
913 2171 969 2236 vel
1003 2171 1169 2235 abbatum
1204 2169 1379 2252 praesidiis

429 2278 589 2353 oporteat
612 2272 829 2350 communiri,
857 2278 893 2335 et
922 2271 1108 2354 populares
1132 2269 1378 2345 dissensiones

429 2389 509 2453 quaa
535 2371 573 2434 in
595 2370 715 2435 electis
730 2372 890 2435 omnibus
912 2389 1006 2455 soepe
1027 2371 1246 2452 contingunt,
1267 2368 1378 2451 regali

429 2477 589 2554 oporteat
602 2470 788 2555 majestate
808 2472 991 2555 compesci.
1044 2469 1278 2549 Quamobrem
1294 2487 1376 2552 pru·

428 2570 556 2635 dentiae
579 2578 648 2635 tuae
664 2578 700 2635 et
716 2573 882 2655 potestati
899 2591 984 2636 cura
998 2571 1100 2636 debet
1115 2569 1298 2635 sollicitius
1313 2569 1376 2633 im-

429 2671 572 2748 minere,
596 2678 637 2735 nt
654 2670 825 2736 Romanae
848 2672 1003 2737 ecclesiae
1026 2671 1241 2752 magnitudo,
1256 2677 1294 2734 et
1310 2689 1377 2733 cae-

428 2777 582 2835 terarum
596 2771 704 2849 salus,
720 2773 803 2850 tuis,
819 2771 970 2836 Domino
986 2778 1187 2855 praestante,
1201 2770 1377 2835 benefidis

428 2878 465 2935 et
490 2871 642 2936 servitiis
663 2878 898 2936 conservetur.
963 2872 1001 2936 Si
1024 2890 1095 2954 qua
1110 2864 1212 2952 ²ergo
1236 2860 1378 2953 ecclesi·-

428 2972 540 3036 astica
555 2970 612 3036 vel
626 2972 794 3035 secularis
810 2990 969 3055 persona,
988 2971 1078 3036 hanc
1091 2977 1220 3035 nostrae
1235 2989 1378 3035 conces-

427 3071 535 3135 sionis
548 3070 713 3153 pagiuam
727 3072 851 3149 scians,
863 3079 986 3137 contra
999 3091 1076 3136 eam
1091 3070 1274 3135 temerario
1290 3090 1379 3135 ausu

427 3170 546 3235 venire
562 3172 761 3250 tentaverit,
779 3171 1010 3237 anathematis
1025 3171 1176 3248 vinculo,
1201 3170 1269 3234 nisi
1293 3171 1379 3235 resi·

427 3271 553 3353 puerit,
577 3271 774 3347 innodetur,
802 3270 1010 3354 honorisque
1035 3291 1077 3336 ac
1099 3270 1281 3353 dignitatis
1306 3290 1378 3335 suae

427 3369 618 3452 periculum
630 3372 804 3454 patiatur;
820 3373 1044 3437 observantes
1061 3378 1177 3437 autem
1188 3370 1263 3433 haec
1277 3372 1381 3436 mise-

414 3470 577 3549 ricordia
601 3471 720 3536 divina
744 3471 931 3551 custodiat,
957 3479 993 3537 et
1017 3490 1200 3555 personam
1224 3477 1380 3553 potesta-

428 3575 568 3654 temque
584 3577 682 3635 tuam
705 3571 750 3635 ad
772 3572 938 3636 honorem
961 3578 1117 3644 suomet
1139 3570 1287 3655 gloriam
1304 3570 1381 3636 seli-

428 3669 515 3734 citer
526 3671 696 3753 imperare
710 3671 901 3735 concedat’

481 3769 601 3853 5425.
629 3770 780 3836 Peracto
805 3772 926 3854 itaque
953 3777 1027 3837 toto
1058 3771 1169 3854 ipsius
1197 3789 1382 3835 consecra-

428 3868 533 3933 tionis
544 3867 667 3949 officio,
682 3871 894 3953 apostolicus
917 3878 953 3935 et
975 3871 1175 3954 imperator,
1188 3870 1380 3953 complexis

427 3969 575 4035 invicem
602 3971 749 4049 dextris,
771 3971 910 4036 iverunt
932 3990 1011 4035 cum
1033 3970 1160 4036 celebri
1182 3990 1312 4055 pompa
1334 3970 1379 4034 ad

463 4248 471 4280 ¹
485 4252 618 4314 Maxima]
635 4251 668 4302 A.
687 4252 717 4301 S·
736 4253 768 4320 G,
783 4252 819 4305 D.
831 4255 855 4303 Ε
864 4258 889 4305 2.
952 4250 1063 4316 ’Ergo.]
1077 4255 1100 4302 Ε
1110 4258 1133 4305 l.
1142 4270 1150 4315 ;
1160 4254 1248 4317 igitur,
1258 4252 1292 4304 A.
1304 4254 1333 4304 S.
1347 4255 1375 4305 C.

427 4322 726 4383 macerandum.
916 4323 1085 4375 nasta.
