3100 5050
275 2279 331 2322 Μ).
341 2281 400 2321 litt).

275 2382 299 2420 ll
308 2380 359 2421 res.

275 2491 358 2531 Schlsm
367 2492 391 2532 ln

275 2542 312 2582 the
321 2543 402 2583 ehurcli

274 2593 300 2632 of
305 2594 381 2634 Βοωο.

434 464 501 550 cue
721 503 896 554 nlsnonle
918 505 1097 555 novenni.
1254 489 1342 573 [nis.
1361 507 1383 554 1.

435 661 614 728 muliebris
643 681 751 730 scm
781 664 938 730 hobitum
969 664 1230 732 nunsiorment.
1300 663 1389 744 Qni-

436 763 517 828 dum
532 764 797 847 provincialium
815 765 976 844 militum,
992 785 1120 849 magno
1141 764 1288 830 crinium
1302 765 1389 828 luxu

436 865 652 947 superbiens,
665 865 944 949 conscientiaque
958 867 1159 931 stimulante
1171 866 1388 948 perterritus,

437 963 536 1032 visus
548 971 603 1030 est
616 966 684 1030 sibi
695 966 813 1032 videre
829 967 865 1030 in
883 967 1029 1032 somniis
1042 967 1143 1050 qussi
1159 967 1287 1050 aliquis
1310 985 1388 1030 eum

437 1065 641 1148 capillorum
664 1061 813 1132 suorum'
832 1065 1009 1131 criniculis
1033 1067 1243 1147 suffeceret3
1268 1085 1390 1148 quere,

437 1183 560 1230 somno
583 1185 764 1245 excussus,
779 1167 943 1250 quicquid
965 1167 1199 1252 superfluebat
1211 1185 1389 1231 comarum

437 1266 508 1330 cito
524 1261 680 1332 elesciditl
733 1266 898 1332 Cucurrit
912 1267 1109 1351 exemplum
1131 1285 1197 1350 per.
1207 1265 1389 1349 Angliem,

439 1371 475 1430 et
488 1364 598 1453 (sicut
611 1383 732 1432 nocens
753 1385 860 1452 poene
874 1374 1024 1434 mentem
1039 1385 1178 1432 movere
1192 1364 1300 1452 solet)
1315 1387 1390 1431 om-

438 1485 500 1530 nes
521 1467 755 1549 penemilites
778 1467 976 1552 adjustum
999 1465 1140 1537 niodum
1166 1465 1278 1532 'crines
1304 1485 1390 1532 snos

438 1566 545 1630 recidi
570 1568 813 1652 equanimiter
829 1569 993 1633 tulerunt.
1036 1567 1104 1632 Sed
1115 1585 1196 1632 non
1214 1567 1274 1633 din
1290 1567 1391 1632 stetit

437 1666 513 1732 hec
526 1669 714 1751 sunctites3
737 1664 906 1734 vixwenim
924 1663 1020 1732 enno
1039 1668 1170 1752 elapso,
1185 1667 1319 1746 cuncti,
1329 1667 1390 1750 qui

437 1767 505 1831 sibi
525 1769 673 1833 curiales
694 1787 771 1833 esse
785 1768 1004 1846 videbantur,
1018 1767 1056 1832 in
1077 1769 1173 1851 prius
1187 1768 1315 1834 vitium
1336 1787 1391 1832 re-

437 1867 616 1934 ciderunt:
649 1869 868 1952 longitudine
896 1869 1100 1951 capillorum
1129 1887 1209 1931 cum
1236 1866 1389 1932 foeminis

436 1969 629 2047 certabant,
644 1975 692 2047 et,
706 1969 767 2033 ubi
782 1969 894 2034 crines
909 1960 1085 2045 deficiunt,
1097 1961 1280 2032 involucra
1294 1987 1390 2051 quee-

436 2066 518 2132 dem
540 2068 773 2149 innodabant3
797 2069 898 2134 obliti
911 2069 968 2135 vcl
982 2067 1100 2152 potius
1119 2067 1233 2150 ignari
1249 2076 1389 2134 senten-

436 2167 497 2232 tiee
517 2163 848 2253 apostolicee,‘¹Vir
869 2169 900 2234 si
929 2187 1065 2234 connum
1084 2168 1259 2246 nutrierit,
1288 2169 1387 2250 igno-

437 2267 545 2332 minie
569 2275 623 2334 est
650 2269 726 2334 illl.’
779 2267 884 2334 Anno
914 2269 1088 2338 tricesimo
1118 2288 1182 2333 rex
1211 2267 1387 2335 Henricus

436 2369 577 2434 transiit
592 2370 629 2434 in
647 2367 911 2435 Normeuniem.
947 2370 1001 2435 Ee
1015 2389 1108 2434 enno
1118 2367 1282 2434 delitnctu
1296 2389 1388 2453 pepe

439 2466 611 2549 Honorio,
632 2489 760 2554 mame
786 2471 1007 2549 contentione
1029 2470 1183 2561 eligendi·
1203 2470 1387 2555 apostolici

437 2568 599 2635 Romane
642 2572 827 2637 fluctuavit
857 2572 1013 2637 ecclesie„
1082 2572 1195 2636 Erant
1226 2579 1313 2635 tunc
1351 2570 1386 2634 in

435 2671 555 2735 eadem
579 2671 664 2737 urbe
690 2672 762 2736 duo
784 2670 1007 2737 famosissimi
1031 2672 1236 2749 candineles,
1252 2670 1387 2753 Grego-

434 2771 507 2835 rius
528 2771 695 2837 dieconus
714 2773 829 2837 sancti
843 2770 984 2855 Angeli,
1000 2780 1036 2837 et
1048 2772 1182 2837 Petrus
1204 2774 1386 2855 presbytes

434 2871 632 2950 cardinalis,
656 2872 749 2937 filius
779 2872 908 2937 leonis
935 2870 1171 2939 Romanorum
1198 2872 1385 2955 principis:

434 2973 536 3037 ambo
550 2973 660 3037 literis
674 2979 710 3037 ct
724 2972 898 3037 industria
911 2972 1088 3055 insignem
1111 2994 1176 3039 nec
1190 2979 1267 3040 eret
1283 2971 1385 3040 facile

431 3195 458 3239 et
476 3190 577 3252 plenem
595 3194 745 3252 potestatem
761 3191 834 3243 vobis
848 3190 896 3243 de·
921 3188 993 3258 (Rot.
1010 3192 1069 3241 Pet.
1089 3195 1119 3240 21
1139 3190 1208 3253 Hen.
1223 3188 1279 3239 ΙΠ.·
1297 3203 1332 3240 m.
1349 3184 1387 3255 t.)

432 3262 518 3311 dimus
540 3260 673 3311 scindendi
695 3261 803 3323 capillos
822 3262 895 3311 cleri-
921 3262 963 3310 ‘A
982 3262 1133 3311 memoneble
1154 3260 1309 3323 precedenc'
1326 3274 1385 3321 says

431 3346 518 3381 eorum
539 3335 690 3393 nosuorum,
711 3332 757 3393 qui
782 3336 842 3381 sunt
863 3332 895 3380 de
922 3332 1034 3394 Prynne,
1048 3332 1093 3380 ‘lit
1108 3336 1135 3380 to
1152 3328 1183 3379 be
1202 3329 1317 3377 imitated
1334 3328 1385 3389 end

431 3401 542 3463 hospitio
551 3406 636 3451 nostro
651 3406 678 3451 et
688 3400 787 3451 familie
801 3404 896 3463 noem,
920 3406 968 3463 put
975 3404 1002 3451 in
1013 3400 1384 3452 executioninoureffeminste

430 3472 520 3534 longos
534 3473 618 3523 crines
634 3472 792 3531 habentium,
812 3476 838 3520 et
855 3486 896 3520 co·
920 3470 1224 3533 degenerousegc,1nore
1240 3474 1348 3531 peccent
1359 3470 1385 3519 in

341 3572 350 3590 .
431 3556 487 3592 mes
501 3542 682 3602 nutrientium,
703 3546 729 3589 et
753 3540 789 3590 ed
810 3556 896 3591 crocos
920 3542 970 3591 this
981 3542 1045 3592 kind
1061 3541 1123 3591 then
1138 3555 1189 3601 eny
1199 3539 1291 3589 former
1301 3540 1386 3602 times,

431 3612 581 3673 capillorum
602 3622 705 3662 suorum
723 3610 896 3672 deponendos.
919 3610 989 3663 there
1005 3612 1081 3673 being
1097 3625 1165 3662 more
1180 3610 1244 3659 sulse
1260 3609 1342 3659 hesds
1353 3609 1389 3676 (li

433 3682 469 3729 Et
477 3681 536 3731 ideo
545 3681 619 3734 vobis
634 3680 794 3740 mundemus,
808 3684 896 3742 quete-
920 3685 963 3729 not
981 3680 1066 3731 heents
1082 3676 1135 3745 too)
1148 3681 1175 3727 in
1189 3678 1318 3742 Englund
1334 3680 1385 3731 end

432 3750 897 3812 nusmhoenododenitodillgenter
920 3765 987 3799 more
1009 3749 1168 3813 long-hedred
1188 3748 1302 3808 ruffinus,
1324 3749 1385 3799 both

431 3820 896 3883 intendetis3l1ujusmodipotestatem
919 3820 950 3871 oi
967 3820 1063 3883 clei-gy,
1083 3824 1165 3883 court,
1186 3819 1248 3881 city,
1269 3824 1386 3881 country,

431 3895 542 3943 omnum
557 3890 631 3942 vobis
651 3904 796 3941 concessum
812 3891 897 3943 taliter
919 3890 1029 3954 needing
1045 3890 1109 3943 such
1126 3905 1143 3939 e
1159 3888 1320 3941 reformetion
1334 3890 1385 3939 eud

432 3964 597 4023 exequentes,
614 3960 685 4011 circe
700 3960 837 4023 praedictos
852 3975 896 4011 ce·
919 3959 1010 4009 reform
1032 3975 1062 4015 es
1084 3961 1135 4011 this
1153 3960 1213 4015 urit
1234 3960 1387 4023 prescribes,

431 4032 509 4093 pillos
523 4030 896 4092 scindendosetcroeosdepo·
919 4031 980 4080 then
1007 4032 1034 4081 in
1068 4045 1119 4092 eny
1148 4028 1285 4091 precedent
1320 4024 1386 4093 age!

430 4102 536 4163 nendos,
556 4116 589 4152 ne
609 4100 656 4151 ed
670 4102 778 4163 capillos
799 4104 896 4151 uestros
918 4099 1057 4165 (Prynne’s
1074 4100 1159 4163 Papel
1171 4100 1343 4161 Ueni-ptem.
1355 4114 1385 4153 ιι.

430 4172 582 4223 scindendos
593 4171 702 4233 forcipes
712 4185 840 4233 opponere
851 4171 894 4219 de·
919 4186 945 4233 p.
957 4168 1029 4235 tie.)

429 4242 545 4294 bemus.
582 4242 659 4292 Teste
679 4256 721 4294 me
742 4242 800 4303 ipso
824 4242 894 4303 apud
955 4237 1159 4291 ¹Vireicootom
1177 4238 1388 4304 occentstguo-

430 4310 511 4373 clive
527 4312 640 4363 mundo
657 4311 700 4363 die
719 4311 894 4375 septembris.’
920 4310 998 4366 minis
1009 4316 1046 4363 est
1057 4306 1121 4379 tut]
1141 4308 1226 4363 lOor.
1238 4322 1278 4361 xi.
1291 4314 1334 4367 14.
