<?xml version="1.0" encoding="UTF-8"?>
<!DOCTYPE html PUBLIC "-//W3C//DTD XHTML 1.0 Transitional//EN"
    "http://www.w3.org/TR/xhtml1/DTD/xhtml1-transitional.dtd">
<html xmlns="http://www.w3.org/1999/xhtml" xml:lang="en" lang="en">
 <head>
  <title>
</title>
<meta http-equiv="Content-Type" content="text/html;charset=utf-8" />
  <meta name='ocr-system' content='tesseract 3.04.00' />
  <meta name='ocr-capabilities' content='ocr_page ocr_carea ocr_par ocr_line ocrx_word'/>
</head>
<body>
  <div class='ocr_page' id='page_1' title='image "./willelmimalmesb02willgoog_0080.png"; bbox 0 0 3100 5050; ppageno 0'>
   <div class='ocr_carea' id='block_1_1' title="bbox 425 493 1377 576">
    <p class='ocr_par' dir='ltr' id='par_1_1' title="bbox 425 493 1377 576">
     <span class='ocr_line' id='line_1_1' title="bbox 425 493 1377 576; baseline -0.006 -16"><span class='ocrx_word' id='word_1_1' title='bbox 425 495 490 560; x_wconf 85' lang='grc'>460</span> <span class='ocrx_word' id='word_1_2' title='bbox 646 510 760 560; x_wconf 73' lang='lat' dir='ltr'>casua</span> <span class='ocrx_word' id='word_1_3' title='bbox 783 510 910 559; x_wconf 83' lang='lat' dir='ltr'>ancon</span> <span class='ocrx_word' id='word_1_4' title='bbox 935 509 1149 560; x_wconf 74' lang='lat' dir='ltr'>sncmnou.</span> <span class='ocrx_word' id='word_1_5' title='bbox 1216 493 1304 576; x_wconf 82' lang='lat' dir='ltr'>[urs.</span> <span class='ocrx_word' id='word_1_6' title='bbox 1321 507 1377 555; x_wconf 89' lang='lat'>111.</span> 
     </span>
    </p>
   </div>
   <div class='ocr_carea' id='block_1_2' title="bbox 275 645 1396 4059">
    <p class='ocr_par' dir='ltr' id='par_1_2' title="bbox 427 645 1381 852">
     <span class='ocr_line' id='line_1_2' title="bbox 427 645 1379 745; baseline 0.001 -14"><span class='ocrx_word' id='word_1_7' title='bbox 427 666 572 744; x_wconf 82' lang='lat' dir='ltr'>faciunt,</span> <span class='ocrx_word' id='word_1_8' title='bbox 598 645 753 732; x_wconf 75' lang='lat' dir='ltr'>exercitu</span> <span class='ocrx_word' id='word_1_9' title='bbox 783 675 920 745; x_wconf 89' lang='lat' dir='ltr'>coacto,</span> <span class='ocrx_word' id='word_1_10' title='bbox 944 667 1129 732; x_wconf 88' lang='lat' dir='ltr'>Franciam</span> <span class='ocrx_word' id='word_1_11' title='bbox 1153 667 1300 732; x_wconf 86' lang='lat' dir='ltr'>infestus</span> <span class='ocrx_word' id='word_1_12' title='bbox 1325 669 1379 732; x_wconf 91' lang='lat' dir='ltr'>in·</span> 
     </span>
     <span class='ocr_line' id='line_1_3' title="bbox 430 766 1381 852; baseline 0.002 -22"><span class='ocrx_word' id='word_1_13' title='bbox 430 767 596 850; x_wconf 76' lang='lat' dir='ltr'>greditur.</span> <span class='ocrx_word' id='word_1_14' title='bbox 641 766 768 832; x_wconf 90' lang='lat' dir='ltr'>Omnia</span> <span class='ocrx_word' id='word_1_15' title='bbox 783 768 941 852; x_wconf 83' lang='lat' dir='ltr'>proterit,</span> <span class='ocrx_word' id='word_1_16' title='bbox 956 774 1081 832; x_wconf 86' lang='lat' dir='ltr'>cuncta</span> <span class='ocrx_word' id='word_1_17' title='bbox 1099 769 1306 850; x_wconf 89' lang='lat' dir='ltr'>populatur;</span> <span class='ocrx_word' id='word_1_18' title='bbox 1329 769 1381 832; x_wconf 91' lang='lat' dir='ltr'>ni·</span> 
     </span>
    </p>

    <p class='ocr_par' dir='ltr' id='par_1_3' title="bbox 429 867 1384 1552">
     <span class='ocr_line' id='line_1_4' title="bbox 431 867 1381 952; baseline 0 -21"><span class='ocrx_word' id='word_1_19' title='bbox 431 868 480 931; x_wconf 90' lang='lat' dir='ltr'>bil</span> <span class='ocrx_word' id='word_1_20' title='bbox 495 875 571 931; x_wconf 88' lang='lat' dir='ltr'>erat</span> <span class='ocrx_word' id='word_1_21' title='bbox 586 868 678 950; x_wconf 91' lang='lat' dir='ltr'>quod</span> <span class='ocrx_word' id='word_1_22' title='bbox 691 867 838 932; x_wconf 85' lang='lat' dir='ltr'>furentis</span> <span class='ocrx_word' id='word_1_23' title='bbox 858 868 1010 932; x_wconf 89' lang='lat' dir='ltr'>animum</span> <span class='ocrx_word' id='word_1_24' title='bbox 1030 868 1217 951; x_wconf 84' lang='lat' dir='ltr'>mitigaret,</span> <span class='ocrx_word' id='word_1_25' title='bbox 1234 875 1273 932; x_wconf 90' lang='lat' dir='ltr'>ut</span> <span class='ocrx_word' id='word_1_26' title='bbox 1287 869 1381 952; x_wconf 91' lang='lat' dir='ltr'>inju-</span> 
     </span>
     <span class='ocr_line' id='line_1_5' title="bbox 433 967 1380 1052; baseline 0.002 -22"><span class='ocrx_word' id='word_1_27' title='bbox 433 969 519 1031; x_wconf 90' lang='lat' dir='ltr'>riam</span> <span class='ocrx_word' id='word_1_28' title='bbox 532 968 720 1032; x_wconf 84' lang='lat' dir='ltr'><strong>insolenter</strong></span> <span class='ocrx_word' id='word_1_29' title='bbox 735 975 913 1052; x_wconf 79' lang='lat' dir='ltr'>acceptam</span> <span class='ocrx_word' id='word_1_30' title='bbox 925 967 1113 1033; x_wconf 88' lang='lat' dir='ltr'>multorum</span> <span class='ocrx_word' id='word_1_31' title='bbox 1127 968 1308 1051; x_wconf 88' lang='lat' dir='ltr'>dispendio</span> <span class='ocrx_word' id='word_1_32' title='bbox 1326 969 1380 1032; x_wconf 90' lang='lat' dir='ltr'>ul-</span> 
     </span>
     <span class='ocr_line' id='line_1_6' title="bbox 432 1066 1382 1133; baseline 0 -1"><span class='ocrx_word' id='word_1_33' title='bbox 432 1069 628 1132; x_wconf 89' lang='lat' dir='ltr'>cisceretur.</span> <span class='ocrx_word' id='word_1_34' title='bbox 674 1067 856 1133; x_wconf 90' lang='lat' dir='ltr'>Postremo</span> <span class='ocrx_word' id='word_1_35' title='bbox 887 1066 1092 1133; x_wconf 87' lang='lat' dir='ltr'>Medantum</span> <span class='ocrx_word' id='word_1_36' title='bbox 1123 1069 1299 1133; x_wconf 83' lang='lat' dir='ltr'>civitatem</span> <span class='ocrx_word' id='word_1_37' title='bbox 1328 1069 1382 1132; x_wconf 89' lang='lat' dir='ltr'>in-</span> 
     </span>
     <span class='ocr_line' id='line_1_7' title="bbox 429 1168 1384 1253; baseline 0 -21"><span class='ocrx_word' id='word_1_38' title='bbox 429 1169 532 1253; x_wconf 89' lang='lat' dir='ltr'>jectis</span> <span class='ocrx_word' id='word_1_39' title='bbox 556 1168 694 1252; x_wconf 84' lang='lat' dir='ltr'>ignibus</span> <span class='ocrx_word' id='word_1_40' title='bbox 724 1169 903 1246; x_wconf 78' lang='lat' dir='ltr'>cremarit,</span> <span class='ocrx_word' id='word_1_41' title='bbox 928 1170 1109 1233; x_wconf 91' lang='lat' dir='ltr'>combusta</span> <span class='ocrx_word' id='word_1_42' title='bbox 1137 1169 1209 1232; x_wconf 91' lang='lat' dir='ltr'>illic</span> <span class='ocrx_word' id='word_1_43' title='bbox 1237 1169 1384 1233; x_wconf 86' lang='lat' dir='ltr'>ecclesia</span> 
     </span>
     <span class='ocr_line' id='line_1_8' title="bbox 434 1268 1383 1352; baseline -0.001 -20"><span class='ocrx_word' id='word_1_44' title='bbox 434 1275 564 1333; x_wconf 72' lang='lat' dir='ltr'>sanotae</span> <span class='ocrx_word' id='word_1_45' title='bbox 588 1268 732 1350; x_wconf 83' lang='lat' dir='ltr'>Mariae3</span> <span class='ocrx_word' id='word_1_46' title='bbox 758 1270 895 1333; x_wconf 89' lang='lat' dir='ltr'>reclusa</span> <span class='ocrx_word' id='word_1_47' title='bbox 918 1287 990 1332; x_wconf 91' lang='lat' dir='ltr'>una</span> <span class='ocrx_word' id='word_1_48' title='bbox 1011 1269 1178 1345; x_wconf 88' lang='lat' dir='ltr'>ustulata,</span> <span class='ocrx_word' id='word_1_49' title='bbox 1201 1288 1279 1351; x_wconf 88' lang='lat' dir='ltr'>quae</span> <span class='ocrx_word' id='word_1_50' title='bbox 1305 1287 1383 1352; x_wconf 89' lang='lat' dir='ltr'>spe-</span> 
     </span>
     <span class='ocr_line' id='line_1_9' title="bbox 435 1365 1384 1455; baseline 0 -22"><span class='ocrx_word' id='word_1_51' title='bbox 435 1365 538 1433; x_wconf 85' lang='lat' dir='ltr'>laeum</span> <span class='ocrx_word' id='word_1_52' title='bbox 564 1387 665 1438; x_wconf 89' lang='lat' dir='ltr'>suum</span> <span class='ocrx_word' id='word_1_53' title='bbox 692 1370 815 1455; x_wconf 81' lang='lat' dir='ltr'>necin</span> <span class='ocrx_word' id='word_1_54' title='bbox 841 1370 904 1433; x_wconf 89' lang='lat' dir='ltr'>tali</span> <span class='ocrx_word' id='word_1_55' title='bbox 927 1368 1133 1434; x_wconf 86' lang='lat' dir='ltr'>necessitate</span> <span class='ocrx_word' id='word_1_56' title='bbox 1158 1369 1384 1433; x_wconf 89' lang='lat' dir='ltr'>deserendum</span> 
     </span>
     <span class='ocr_line' id='line_1_10' title="bbox 436 1469 1384 1552; baseline -0.005 -12"><span class='ocrx_word' id='word_1_57' title='bbox 436 1469 601 1552; x_wconf 79' lang='lat' dir='ltr'>putavit;</span> <span class='ocrx_word' id='word_1_58' title='bbox 640 1470 790 1535; x_wconf 77' lang='lat' dir='ltr'>fortunae</span> <span class='ocrx_word' id='word_1_59' title='bbox 828 1489 947 1534; x_wconf 87' lang='lat' dir='ltr'>omnes</span> <span class='ocrx_word' id='word_1_60' title='bbox 985 1470 1112 1534; x_wconf 93' lang='lat' dir='ltr'>civium</span> <span class='ocrx_word' id='word_1_61' title='bbox 1150 1469 1384 1552; x_wconf 77' lang='lat' dir='ltr'>pessundata.</span> 
     </span>
    </p>

    <p class='ocr_par' dir='ltr' id='par_1_4' title="bbox 275 1569 1395 3157">
     <span class='ocr_line' id='line_1_11' title="bbox 275 1569 1384 1648; baseline 0.002 -17"><span class='ocrx_word' id='word_1_62' title='bbox 275 1591 316 1631; x_wconf 77' lang='lat' dir='ltr'>na</span> <span class='ocrx_word' id='word_1_63' title='bbox 325 1589 366 1630; x_wconf 75' lang='lat' dir='ltr'>na</span> <span class='ocrx_word' id='word_1_64' title='bbox 379 1589 409 1629; x_wconf 88' lang='lat' dir='ltr'>u·</span> <span class='ocrx_word' id='word_1_65' title='bbox 438 1569 519 1648; x_wconf 83' lang='lat' dir='ltr'>Quo</span> <span class='ocrx_word' id='word_1_66' title='bbox 533 1590 695 1636; x_wconf 89' lang='lat' dir='ltr'>successu</span> <span class='ocrx_word' id='word_1_67' title='bbox 708 1570 936 1648; x_wconf 86' lang='lat' dir='ltr'>exhilaratus,</span> <span class='ocrx_word' id='word_1_68' title='bbox 951 1569 1033 1634; x_wconf 94' lang='lat' dir='ltr'>dum</span> <span class='ocrx_word' id='word_1_69' title='bbox 1047 1590 1130 1634; x_wconf 87' lang='lat' dir='ltr'>suos</span> <span class='ocrx_word' id='word_1_70' title='bbox 1150 1570 1316 1633; x_wconf 59' lang='lat' dir='ltr'>audacius</span> <span class='ocrx_word' id='word_1_71' title='bbox 1330 1571 1384 1633; x_wconf 91' lang='lat' dir='ltr'>in·</span> 
     </span>
     <span class='ocr_line' id='line_1_12' title="bbox 275 1653 1386 1755; baseline 0 -21"><span class='ocrx_word' id='word_1_72' title='bbox 275 1653 332 1689; x_wconf 57' lang='lat' dir='ltr'>‘m’</span> <span class='ocrx_word' id='word_1_73' title='bbox 437 1669 524 1734; x_wconf 88' lang='lat' dir='ltr'>citat</span> <span class='ocrx_word' id='word_1_74' title='bbox 545 1678 586 1735; x_wconf 92' lang='lat' dir='ltr'>ut</span> <span class='ocrx_word' id='word_1_75' title='bbox 609 1670 682 1752; x_wconf 85' lang='lat' dir='ltr'>igni</span> <span class='ocrx_word' id='word_1_76' title='bbox 708 1670 875 1755; x_wconf 88' lang='lat' dir='ltr'>adjiciant</span> <span class='ocrx_word' id='word_1_77' title='bbox 899 1671 1040 1753; x_wconf 86' lang='lat' dir='ltr'>pabula,</span> <span class='ocrx_word' id='word_1_78' title='bbox 1063 1670 1206 1753; x_wconf 89' lang='lat' dir='ltr'>propius</span> <span class='ocrx_word' id='word_1_79' title='bbox 1229 1669 1386 1734; x_wconf 87' lang='lat' dir='ltr'>flammas</span> 
     </span>
     <span class='ocr_line' id='line_1_13' title="bbox 437 1770 1385 1848; baseline 0 -14"><span class='ocrx_word' id='word_1_80' title='bbox 437 1770 636 1848; x_wconf 83' lang='lat' dir='ltr'><strong>succedens,</strong></span> <span class='ocrx_word' id='word_1_81' title='bbox 651 1770 719 1835; x_wconf 83' lang='lat' dir='ltr'>ioci</span> <span class='ocrx_word' id='word_1_82' title='bbox 741 1770 856 1835; x_wconf 89' lang='lat' dir='ltr'>calore</span> <span class='ocrx_word' id='word_1_83' title='bbox 878 1777 914 1834; x_wconf 87' lang='lat' dir='ltr'>et</span> <span class='ocrx_word' id='word_1_84' title='bbox 934 1771 1146 1835; x_wconf 90' lang='lat' dir='ltr'>autumnalis</span> <span class='ocrx_word' id='word_1_85' title='bbox 1168 1778 1276 1835; x_wconf 86' lang='lat' dir='ltr'>aestus</span> <span class='ocrx_word' id='word_1_86' title='bbox 1303 1771 1385 1836; x_wconf 83' lang='lat' dir='ltr'>inae-</span> 
     </span>
     <span class='ocr_line' id='line_1_14' title="bbox 438 1871 1386 1954; baseline 0.001 -21"><span class='ocrx_word' id='word_1_87' title='bbox 438 1871 607 1954; x_wconf 80' lang='lat' dir='ltr'>qualitate</span> <span class='ocrx_word' id='word_1_88' title='bbox 634 1873 792 1935; x_wconf 88' lang='lat' dir='ltr'><strong>morbum</strong></span> <span class='ocrx_word' id='word_1_89' title='bbox 821 1877 945 1934; x_wconf 90' lang='lat' dir='ltr'>nactus</span> <span class='ocrx_word' id='word_1_90' title='bbox 973 1878 1038 1935; x_wconf 88' lang='lat' dir='ltr'>est.</span> <span class='ocrx_word' id='word_1_91' title='bbox 1090 1871 1222 1935; x_wconf 89' lang='lat' dir='ltr'>Dicunt</span> <span class='ocrx_word' id='word_1_92' title='bbox 1246 1871 1386 1954; x_wconf 92' lang='lat' dir='ltr'>quidam</span> 
     </span>
     <span class='ocr_line' id='line_1_15' title="bbox 438 1969 1386 2055; baseline -0.001 -20"><span class='ocrx_word' id='word_1_93' title='bbox 438 1970 531 2053; x_wconf 89' lang='lat' dir='ltr'>quod</span> <span class='ocrx_word' id='word_1_94' title='bbox 557 1978 768 2054; x_wconf 87' lang='lat' dir='ltr'>praeruptam</span> <span class='ocrx_word' id='word_1_95' title='bbox 791 1969 920 2035; x_wconf 83' lang='lat' dir='ltr'>fossam</span> <span class='ocrx_word' id='word_1_96' title='bbox 947 1972 1088 2055; x_wconf 85' lang='lat' dir='ltr'>sonipes</span> <span class='ocrx_word' id='word_1_97' title='bbox 1113 1972 1311 2035; x_wconf 88' lang='lat' dir='ltr'>transiliens</span> <span class='ocrx_word' id='word_1_98' title='bbox 1333 1973 1386 2036; x_wconf 91' lang='lat' dir='ltr'>in-</span> 
     </span>
     <span class='ocr_line' id='line_1_16' title="bbox 440 2064 1390 2154; baseline 0.002 -20"><span class='ocrx_word' id='word_1_99' title='bbox 440 2079 582 2135; x_wconf 90' lang='lat' dir='ltr'>teranea</span> <span class='ocrx_word' id='word_1_100' title='bbox 604 2073 748 2138; x_wconf 88' lang='lat' dir='ltr'>sessoris</span> <span class='ocrx_word' id='word_1_101' title='bbox 768 2064 930 2154; x_wconf 88' lang='lat' dir='ltr'>¹ruperit,</span> <span class='ocrx_word' id='word_1_102' title='bbox 947 2072 1039 2154; x_wconf 93' lang='lat' dir='ltr'>quod</span> <span class='ocrx_word' id='word_1_103' title='bbox 1052 2072 1089 2135; x_wconf 90' lang='lat' dir='ltr'>in</span> <span class='ocrx_word' id='word_1_104' title='bbox 1104 2072 1268 2136; x_wconf 87' lang='lat' dir='ltr'>anteriori</span> <span class='ocrx_word' id='word_1_105' title='bbox 1288 2080 1390 2154; x_wconf 87' lang='lat' dir='ltr'>parte</span> 
     </span>
     <span class='ocr_line' id='line_1_17' title="bbox 439 2171 1389 2255; baseline 0.003 -21"><span class='ocrx_word' id='word_1_106' title='bbox 439 2172 535 2235; x_wconf 85' lang='lat' dir='ltr'>sellae</span> <span class='ocrx_word' id='word_1_107' title='bbox 549 2181 670 2238; x_wconf 88' lang='lat' dir='ltr'>venter</span> <span class='ocrx_word' id='word_1_108' title='bbox 692 2173 951 2255; x_wconf 88' lang='lat' dir='ltr'>protuberabat.</span> <span class='ocrx_word' id='word_1_109' title='bbox 1003 2171 1084 2238; x_wconf 90' lang='lat' dir='ltr'>Hoc</span> <span class='ocrx_word' id='word_1_110' title='bbox 1102 2172 1221 2237; x_wconf 86' lang='lat' dir='ltr'>dolore</span> <span class='ocrx_word' id='word_1_111' title='bbox 1244 2171 1389 2238; x_wconf 86' lang='lat' dir='ltr'>affectus</span> 
     </span>
     <span class='ocr_line' id='line_1_18' title="bbox 440 2271 1389 2355; baseline 0.002 -20"><span class='ocrx_word' id='word_1_112' title='bbox 440 2273 594 2354; x_wconf 90' lang='lat' dir='ltr'>receptui</span> <span class='ocrx_word' id='word_1_113' title='bbox 616 2273 689 2336; x_wconf 91' lang='lat' dir='ltr'>suis</span> <span class='ocrx_word' id='word_1_114' title='bbox 711 2272 858 2352; x_wconf 89' lang='lat' dir='ltr'>cecinit;</span> <span class='ocrx_word' id='word_1_115' title='bbox 885 2271 1189 2355; x_wconf 78' lang='lat' dir='ltr'>Rotomagumque</span> <span class='ocrx_word' id='word_1_116' title='bbox 1216 2292 1389 2353; x_wconf 85' lang='lat' dir='ltr'>reversus,</span> 
     </span>
     <span class='ocr_line' id='line_1_19' title="bbox 440 2371 1389 2456; baseline 0.002 -19"><span class='ocrx_word' id='word_1_117' title='bbox 440 2379 615 2437; x_wconf 86' lang='lat' dir='ltr'>crescente</span> <span class='ocrx_word' id='word_1_118' title='bbox 654 2371 765 2438; x_wconf 90' lang='lat' dir='ltr'>indies</span> <span class='ocrx_word' id='word_1_119' title='bbox 805 2371 1033 2450; x_wconf 90' lang='lat' dir='ltr'>incommodo,</span> <span class='ocrx_word' id='word_1_120' title='bbox 1070 2372 1161 2437; x_wconf 88' lang='lat' dir='ltr'>lecto</span> <span class='ocrx_word' id='word_1_121' title='bbox 1204 2373 1389 2456; x_wconf 82' lang='lat' dir='ltr'>excipitur.</span> 
     </span>
     <span class='ocr_line' id='line_1_20' title="bbox 442 2471 1393 2556; baseline 0.001 -19"><span class='ocrx_word' id='word_1_122' title='bbox 442 2471 602 2538; x_wconf 87' lang='lat' dir='ltr'>Consulti</span> <span class='ocrx_word' id='word_1_123' title='bbox 626 2473 749 2538; x_wconf 89' lang='lat' dir='ltr'>medici</span> <span class='ocrx_word' id='word_1_124' title='bbox 773 2473 988 2556; x_wconf 86' lang='lat' dir='ltr'>inspectione</span> <span class='ocrx_word' id='word_1_125' title='bbox 1012 2471 1121 2537; x_wconf 87' lang='lat' dir='ltr'>urinae</span> <span class='ocrx_word' id='word_1_126' title='bbox 1144 2480 1274 2538; x_wconf 88' lang='lat' dir='ltr'>certam</span> <span class='ocrx_word' id='word_1_127' title='bbox 1301 2493 1393 2539; x_wconf 90' lang='lat' dir='ltr'>mor-</span> 
     </span>
     <span class='ocr_line' id='line_1_21' title="bbox 441 2573 1392 2656; baseline 0.002 -19"><span class='ocrx_word' id='word_1_128' title='bbox 441 2581 511 2637; x_wconf 91' lang='lat' dir='ltr'>tem</span> <span class='ocrx_word' id='word_1_129' title='bbox 536 2573 740 2656; x_wconf 83' lang='lat' dir='ltr'>praedixere.</span> <span class='ocrx_word' id='word_1_130' title='bbox 793 2573 873 2652; x_wconf 82' lang='lat' dir='ltr'>Quo</span> <span class='ocrx_word' id='word_1_131' title='bbox 889 2573 1008 2637; x_wconf 91' lang='lat' dir='ltr'>audito</span> <span class='ocrx_word' id='word_1_132' title='bbox 1024 2574 1237 2656; x_wconf 88' lang='lat' dir='ltr'>querimonia</span> <span class='ocrx_word' id='word_1_133' title='bbox 1250 2574 1392 2639; x_wconf 90' lang='lat' dir='ltr'>domum</span> 
     </span>
     <span class='ocr_line' id='line_1_22' title="bbox 442 2673 1393 2757; baseline 0.003 -21"><span class='ocrx_word' id='word_1_134' title='bbox 442 2673 600 2756; x_wconf 85' lang='lat' dir='ltr'>replevit,</span> <span class='ocrx_word' id='word_1_135' title='bbox 622 2674 714 2757; x_wconf 92' lang='lat' dir='ltr'>quod</span> <span class='ocrx_word' id='word_1_136' title='bbox 738 2694 816 2739; x_wconf 90' lang='lat' dir='ltr'>eum</span> <span class='ocrx_word' id='word_1_137' title='bbox 835 2681 1094 2756; x_wconf 84' lang='lat' dir='ltr'>praeoccuparet</span> <span class='ocrx_word' id='word_1_138' title='bbox 1113 2694 1206 2739; x_wconf 87' lang='lat' dir='ltr'>mors</span> <span class='ocrx_word' id='word_1_139' title='bbox 1230 2676 1393 2739; x_wconf 87' lang='lat' dir='ltr'>emenda-</span> 
     </span>
     <span class='ocr_line' id='line_1_23' title="bbox 443 2774 1393 2859; baseline 0.003 -22"><span class='ocrx_word' id='word_1_140' title='bbox 443 2774 572 2837; x_wconf 88' lang='lat' dir='ltr'>tionem</span> <span class='ocrx_word' id='word_1_141' title='bbox 585 2774 667 2839; x_wconf 84' lang='lat' dir='ltr'>vitae</span> <span class='ocrx_word' id='word_1_142' title='bbox 679 2774 886 2859; x_wconf 89' lang='lat' dir='ltr'>jamdudum</span> <span class='ocrx_word' id='word_1_143' title='bbox 909 2774 1144 2839; x_wconf 87' lang='lat' dir='ltr'>meditantem.</span> <span class='ocrx_word' id='word_1_144' title='bbox 1196 2774 1393 2858; x_wconf 84' lang='lat' dir='ltr'>Resumpto</span> 
     </span>
     <span class='ocr_line' id='line_1_24' title="bbox 444 2873 1395 2957; baseline 0.003 -20"><span class='ocrx_word' id='word_1_145' title='bbox 444 2873 572 2952; x_wconf 88' lang='lat' dir='ltr'>animo,</span> <span class='ocrx_word' id='word_1_146' title='bbox 589 2894 667 2957; x_wconf 86' lang='lat' dir='ltr'>quae</span> <span class='ocrx_word' id='word_1_147' title='bbox 683 2874 872 2941; x_wconf 86' lang='lat' dir='ltr'>Christiani</span> <span class='ocrx_word' id='word_1_148' title='bbox 888 2881 970 2938; x_wconf 86' lang='lat' dir='ltr'>sunt</span> <span class='ocrx_word' id='word_1_149' title='bbox 989 2882 1157 2939; x_wconf 86' lang='lat' dir='ltr'>executus</span> <span class='ocrx_word' id='word_1_150' title='bbox 1179 2882 1233 2939; x_wconf 86' lang='lat' dir='ltr'>est</span> <span class='ocrx_word' id='word_1_151' title='bbox 1250 2876 1289 2939; x_wconf 92' lang='lat' dir='ltr'>in</span> <span class='ocrx_word' id='word_1_152' title='bbox 1311 2897 1395 2942; x_wconf 88' lang='lat' dir='ltr'>con-</span> 
     </span>
     <span class='ocr_line' id='line_1_25' title="bbox 440 2973 1393 3042; baseline 0.005 -5"><span class='ocrx_word' id='word_1_153' title='bbox 440 2973 595 3039; x_wconf 73' lang='lat' dir='ltr'>fessione</span> <span class='ocrx_word' id='word_1_154' title='bbox 608 2983 644 3039; x_wconf 88' lang='lat' dir='ltr'>et</span> <span class='ocrx_word' id='word_1_155' title='bbox 658 2976 799 3039; x_wconf 86' lang='lat' dir='ltr'>viatico.</span> <span class='ocrx_word' id='word_1_156' title='bbox 852 2973 1105 3039; x_wconf 89' lang='lat' dir='ltr'>Normanniam</span> <span class='ocrx_word' id='word_1_157' title='bbox 1128 2976 1259 3040; x_wconf 88' lang='lat' dir='ltr'>invitus</span> <span class='ocrx_word' id='word_1_158' title='bbox 1281 2983 1318 3040; x_wconf 90' lang='lat' dir='ltr'>et</span> <span class='ocrx_word' id='word_1_159' title='bbox 1337 2997 1393 3042; x_wconf 87' lang='lat' dir='ltr'>co·</span> 
     </span>
     <span class='ocr_line' id='line_1_26' title="bbox 446 3072 1395 3157; baseline 0.004 -20"><span class='ocrx_word' id='word_1_160' title='bbox 446 3086 545 3139; x_wconf 90' lang='lat' dir='ltr'>actus</span> <span class='ocrx_word' id='word_1_161' title='bbox 571 3075 739 3153; x_wconf 87' lang='lat' dir='ltr'>Roberto,</span> <span class='ocrx_word' id='word_1_162' title='bbox 762 3072 927 3156; x_wconf 83' lang='lat' dir='ltr'>Angliam</span> <span class='ocrx_word' id='word_1_163' title='bbox 941 3075 1129 3152; x_wconf 92' lang='lat' dir='ltr'>Willelmo,</span> <span class='ocrx_word' id='word_1_164' title='bbox 1156 3077 1395 3157; x_wconf 89' lang='lat' dir='ltr'>possessiones</span> 
     </span>
    </p>

    <p class='ocr_par' dir='ltr' id='par_1_5' title="bbox 283 3173 1396 4059">
     <span class='ocr_line' id='line_1_27' title="bbox 409 3173 1396 3257; baseline 0.004 -20"><span class='ocrx_word' id='word_1_165' title='bbox 409 3196 411 3201; x_wconf 93' lang='lat'>·</span> <span class='ocrx_word' id='word_1_166' title='bbox 443 3184 619 3239; x_wconf 90' lang='lat' dir='ltr'>maternas</span> <span class='ocrx_word' id='word_1_167' title='bbox 631 3173 980 3257; x_wconf 79' lang='lat' dir='ltr'>Henricodelegavit.</span> <span class='ocrx_word' id='word_1_168' title='bbox 1017 3174 1166 3241; x_wconf 87' lang='lat' dir='ltr'>Vinctos</span> <span class='ocrx_word' id='word_1_169' title='bbox 1178 3195 1261 3240; x_wconf 90' lang='lat' dir='ltr'>suos</span> <span class='ocrx_word' id='word_1_170' title='bbox 1274 3196 1396 3241; x_wconf 86' lang='lat' dir='ltr'>omnes</span> 
     </span>
     <span class='ocr_line' id='line_1_28' title="bbox 445 3274 1395 3353; baseline 0.004 -17"><span class='ocrx_word' id='word_1_171' title='bbox 445 3274 544 3337; x_wconf 92' lang='lat' dir='ltr'>educi</span> <span class='ocrx_word' id='word_1_172' title='bbox 567 3282 601 3339; x_wconf 91' lang='lat' dir='ltr'>et</span> <span class='ocrx_word' id='word_1_173' title='bbox 627 3275 728 3353; x_wconf 88' lang='lat' dir='ltr'>solvi,</span> <span class='ocrx_word' id='word_1_174' title='bbox 752 3274 936 3339; x_wconf 87' lang='lat' dir='ltr'>thesauros</span> <span class='ocrx_word' id='word_1_175' title='bbox 957 3274 1069 3339; x_wconf 88' lang='lat' dir='ltr'>efferri</span> <span class='ocrx_word' id='word_1_176' title='bbox 1093 3284 1129 3339; x_wconf 90' lang='lat' dir='ltr'>et</span> <span class='ocrx_word' id='word_1_177' title='bbox 1151 3276 1304 3343; x_wconf 89' lang='lat' dir='ltr'>ecclesiis</span> <span class='ocrx_word' id='word_1_178' title='bbox 1321 3276 1395 3340; x_wconf 89' lang='lat' dir='ltr'>dis-</span> 
     </span>
     <span class='ocr_line' id='line_1_29' title="bbox 444 3373 1395 3458; baseline 0.005 -22"><span class='ocrx_word' id='word_1_179' title='bbox 444 3373 554 3455; x_wconf 83' lang='lat' dir='ltr'>pergi,</span> <span class='ocrx_word' id='word_1_180' title='bbox 577 3376 754 3458; x_wconf 89' lang='lat' dir='ltr'>praecepit.</span> <span class='ocrx_word' id='word_1_181' title='bbox 806 3374 949 3439; x_wconf 86' lang='lat' dir='ltr'>Certum</span> <span class='ocrx_word' id='word_1_182' title='bbox 973 3395 1154 3439; x_wconf 89' lang='lat' dir='ltr'>numerum</span> <span class='ocrx_word' id='word_1_183' title='bbox 1168 3377 1325 3458; x_wconf 83' lang='lat' dir='ltr'>pecuniae</span> <span class='ocrx_word' id='word_1_184' title='bbox 1347 3377 1395 3441; x_wconf 92' lang='lat' dir='ltr'>ad</span> 
     </span>
     <span class='ocr_line' id='line_1_30' title="bbox 444 3474 1396 3558; baseline 0.005 -22"><span class='ocrx_word' id='word_1_185' title='bbox 444 3476 696 3556; x_wconf 87' lang='lat' dir='ltr'>reparationem</span> <span class='ocrx_word' id='word_1_186' title='bbox 723 3474 877 3540; x_wconf 86' lang='lat' dir='ltr'>ecclesiae</span> <span class='ocrx_word' id='word_1_187' title='bbox 907 3494 1017 3557; x_wconf 89' lang='lat' dir='ltr'>nuper</span> <span class='ocrx_word' id='word_1_188' title='bbox 1046 3483 1208 3541; x_wconf 85' lang='lat' dir='ltr'>crematae</span> <span class='ocrx_word' id='word_1_189' title='bbox 1238 3478 1313 3558; x_wconf 87' lang='lat' dir='ltr'>ipse</span> <span class='ocrx_word' id='word_1_190' title='bbox 1340 3476 1396 3541; x_wconf 91' lang='lat' dir='ltr'>in-</span> 
     </span>
     <span class='ocr_line' id='line_1_31' title="bbox 283 3573 1396 3686; baseline 0.005 -50"><span class='ocrx_word' id='word_1_191' title='bbox 283 3586 431 3686; x_wconf 46' lang='lat' dir='ltr'>§isstffffii’sa</span> <span class='ocrx_word' id='word_1_192' title='bbox 443 3573 542 3639; x_wconf 89' lang='lat' dir='ltr'>dixit.</span> <span class='ocrx_word' id='word_1_193' title='bbox 588 3574 767 3651; x_wconf 89' lang='lat' dir='ltr'>Ordinatis</span> <span class='ocrx_word' id='word_1_194' title='bbox 797 3596 880 3657; x_wconf 85' lang='lat' dir='ltr'>ergo</span> <span class='ocrx_word' id='word_1_195' title='bbox 910 3576 996 3639; x_wconf 88' lang='lat' dir='ltr'>bene</span> <span class='ocrx_word' id='word_1_196' title='bbox 1025 3577 1139 3654; x_wconf 78' lang='lat' dir='ltr'>rebuS,</span> <span class='ocrx_word' id='word_1_197' title='bbox 1163 3584 1288 3641; x_wconf 90' lang='lat' dir='ltr'>octavo</span> <span class='ocrx_word' id='word_1_198' title='bbox 1313 3576 1396 3655; x_wconf 86' lang='lat' dir='ltr'>idus</span> 
     </span>
     <span class='ocr_line' id='line_1_32' title="bbox 361 3664 1396 3759; baseline 0.004 -22"><span class='ocrx_word' id='word_1_199' title='bbox 361 3664 366 3685; x_wconf 83' lang='lat'><em>&#39;</em></span> <span class='ocrx_word' id='word_1_200' title='bbox 444 3674 655 3757; x_wconf 88' lang='lat' dir='ltr'>Septembris</span> <span class='ocrx_word' id='word_1_201' title='bbox 672 3676 831 3753; x_wconf 90' lang='lat' dir='ltr'>decessit,</span> <span class='ocrx_word' id='word_1_202' title='bbox 847 3695 940 3738; x_wconf 90' lang='lat' dir='ltr'>anno</span> <span class='ocrx_word' id='word_1_203' title='bbox 959 3675 1057 3757; x_wconf 82' lang='lat' dir='ltr'>regni</span> <span class='ocrx_word' id='word_1_204' title='bbox 1070 3669 1251 3742; x_wconf 77' lang='lat' dir='ltr'>²vicesimo</span> <span class='ocrx_word' id='word_1_205' title='bbox 1269 3677 1396 3759; x_wconf 79' lang='lat' dir='ltr'>primo,</span> 
     </span>
     <span class='ocr_line' id='line_1_33' title="bbox 443 3775 1394 3859; baseline 0.002 -22"><span class='ocrx_word' id='word_1_206' title='bbox 443 3776 628 3840; x_wconf 90' lang='lat' dir='ltr'>comitatus</span> <span class='ocrx_word' id='word_1_207' title='bbox 643 3775 929 3859; x_wconf 78' lang='lat' dir='ltr'>quinquagesimo</span> <span class='ocrx_word' id='word_1_208' title='bbox 944 3776 1107 3853; x_wconf 89' lang='lat' dir='ltr'>secundo,</span> <span class='ocrx_word' id='word_1_209' title='bbox 1122 3776 1204 3841; x_wconf 86' lang='lat' dir='ltr'>vitae</span> <span class='ocrx_word' id='word_1_210' title='bbox 1219 3777 1394 3859; x_wconf 92' lang='lat' dir='ltr'>quinqua-</span> 
     </span>
     <span class='ocr_line' id='line_1_34' title="bbox 444 3875 1395 3957; baseline 0.003 -19"><span class='ocrx_word' id='word_1_211' title='bbox 444 3876 575 3957; x_wconf 85' lang='lat' dir='ltr'>gesimo</span> <span class='ocrx_word' id='word_1_212' title='bbox 599 3896 704 3954; x_wconf 91' lang='lat' dir='ltr'>nono,</span> <span class='ocrx_word' id='word_1_213' title='bbox 725 3876 917 3940; x_wconf 86' lang='lat' dir='ltr'>Dominioae</span> <span class='ocrx_word' id='word_1_214' title='bbox 938 3875 1186 3941; x_wconf 89' lang='lat' dir='ltr'>incarnationis</span> <span class='ocrx_word' id='word_1_215' title='bbox 1208 3876 1395 3941; x_wconf 91' lang='lat' dir='ltr'>millesimo</span> 
     </span>
     <span class='ocr_line' id='line_1_35' title="bbox 443 3975 1396 4059; baseline 0.004 -21"><span class='ocrx_word' id='word_1_216' title='bbox 443 3978 655 4058; x_wconf 85' lang='lat' dir='ltr'>octogesimo</span> <span class='ocrx_word' id='word_1_217' title='bbox 676 3976 835 4059; x_wconf 91' lang='lat' dir='ltr'>septimo.</span> <span class='ocrx_word' id='word_1_218' title='bbox 889 3976 955 4040; x_wconf 90' lang='lat' dir='ltr'>Ille</span> <span class='ocrx_word' id='word_1_219' title='bbox 977 3975 1043 4039; x_wconf 86' lang='lat' dir='ltr'>fuit</span> <span class='ocrx_word' id='word_1_220' title='bbox 1065 3995 1178 4039; x_wconf 90' lang='lat' dir='ltr'>annus</span> <span class='ocrx_word' id='word_1_221' title='bbox 1192 3996 1260 4059; x_wconf 92' lang='lat' dir='ltr'>quo</span> <span class='ocrx_word' id='word_1_222' title='bbox 1277 3976 1396 4041; x_wconf 85' lang='lat' dir='ltr'>Cnuto</span> 
     </span>
    </p>
   </div>
   <div class='ocr_carea' id='block_1_3' title="bbox 442 4246 1395 4384">
    <p class='ocr_par' dir='ltr' id='par_1_6' title="bbox 442 4246 1395 4384">
     <span class='ocr_line' id='line_1_36' title="bbox 479 4246 1395 4316; baseline 0.004 -17"><span class='ocrx_word' id='word_1_223' title='bbox 479 4246 484 4275; x_wconf 94' lang='lat'><strong>¹</strong></span> <span class='ocrx_word' id='word_1_224' title='bbox 506 4250 634 4313; x_wconf 66' lang='lat' dir='ltr'>Raparia]</span> <span class='ocrx_word' id='word_1_225' title='bbox 662 4252 730 4309; x_wconf 76' lang='lat' dir='ltr'>En,</span> <span class='ocrx_word' id='word_1_226' title='bbox 758 4251 904 4312; x_wconf 87' lang='lat' dir='ltr'>disruperit,</span> <span class='ocrx_word' id='word_1_227' title='bbox 964 4247 1107 4299; x_wconf 78' lang='lat' dir='ltr'>²Vicesimo</span> <span class='ocrx_word' id='word_1_228' title='bbox 1122 4251 1224 4315; x_wconf 82' lang='lat' dir='ltr'>prima]</span> <span class='ocrx_word' id='word_1_229' title='bbox 1245 4254 1274 4301; x_wconf 87' lang='lat' dir='ltr'>C.</span> <span class='ocrx_word' id='word_1_230' title='bbox 1290 4253 1325 4303; x_wconf 87' lang='lat' dir='ltr'>D.</span> <span class='ocrx_word' id='word_1_231' title='bbox 1342 4256 1395 4316; x_wconf 86' lang='lat' dir='ltr'>E.;</span> 
     </span>
     <span class='ocr_line' id='line_1_37' title="bbox 442 4320 1287 4384; baseline 0.005 -16"><span class='ocrx_word' id='word_1_232' title='bbox 442 4320 517 4369; x_wconf 65' lang='grc' dir='ltr'>Μ.</span> <span class='ocrx_word' id='word_1_233' title='bbox 532 4322 560 4370; x_wconf 85' lang='lat' dir='ltr'>C.</span> <span class='ocrx_word' id='word_1_234' title='bbox 574 4322 608 4368; x_wconf 90' lang='lat' dir='ltr'>D.</span> <span class='ocrx_word' id='word_1_235' title='bbox 624 4322 676 4370; x_wconf 66' lang='lat' dir='ltr'>Ea.</span> <span class='ocrx_word' id='word_1_236' title='bbox 689 4322 720 4370; x_wconf 88' lang='lat' dir='ltr'>L.</span> <span class='ocrx_word' id='word_1_237' title='bbox 765 4342 767 4351; x_wconf 92' lang='grc'><em>·</em></span> <span class='ocrx_word' id='word_1_238' title='bbox 866 4323 872 4328; x_wconf 84' lang='grc'><strong>’</strong></span> <span class='ocrx_word' id='word_1_239' title='bbox 928 4320 1047 4370; x_wconf 89' lang='lat' dir='ltr'>vicesimo</span> <span class='ocrx_word' id='word_1_240' title='bbox 1057 4322 1179 4384; x_wconf 83' lang='lat' dir='ltr'>secundo,</span> <span class='ocrx_word' id='word_1_241' title='bbox 1191 4322 1287 4372; x_wconf 65' lang='lat' dir='ltr'>SM.</span> 
     </span>
    </p>
   </div>
   <div class='ocr_carea' id='block_1_4' title="bbox 0 0 1575 5050">
    <p class='ocr_par' dir='ltr' id='par_1_7' title="bbox 0 0 1575 5050">
     <span class='ocr_line' id='line_1_38' title="bbox 0 0 1575 5050; baseline 0 0"><span class='ocrx_word' id='word_1_242' title='bbox 0 0 1575 5050; x_wconf 95' lang='lat' dir='ltr'> </span> 
     </span>
    </p>
   </div>
  </div>
 </body>
</html>
