3100 5050
267 708 363 748 arm-tn

429 513 497 580 582
645 529 760 578 onsrn
783 529 909 578 nncnu
935 529 1145 578 ancnonuu.
1226 510 1374 596 [marv.

430 687 476 751 ad
490 689 604 752 locum
620 687 776 764 veniens,
791 683 891 751 fidem
911 685 1072 750 admirati
1087 647 1261 769 probavit.
1314 687 1377 751 Est

268 759 417 806 llnflollern·
476 789 483 802 .

267 809 341 851 ulem

429 808 521 852 earm
545 789 633 852 citra
654 788 833 852 civitatem
854 787 1023 864 Beritum,
1048 786 1218 851 milliariis
1239 788 1376 852 circiter

428 889 593 972 quinque,
624 888 722 953 locus
760 888 901 952 omnino
935 893 1104 968 angustus
1126 888 1233 971 juxta
1268 907 1375 966 mare,

428 1008 531 1071 quem
549 997 585 1053 et
599 995 776 1072 praerupta
796 988 934 1071 rupium
950 993 985 1051 et
1000 993 1097 1051 arcta
1110 979 1266 1052 ¹collium
1288 988 1375 1052 adeo

428 1096 601 1166 coercent,
632 1095 672 1153 ut
701 1095 840 1153 centum
867 1087 945 1163 viri,
970 1087 1128 1152 faucibus
1159 1089 1228 1151 illis
1259 1090 1375 1171 potiti,

429 1189 652 1272 quantumvis
677 1209 857 1252 numerum
882 1189 1119 1252 itinerantium
1140 1185 1237 1252 aditu
1259 1189 1377 1271 prohi-

429 1290 510 1354 bere
533 1297 672 1372 queant.
725 1289 840 1352 Locus
865 1295 918 1353 est
939 1287 1149 1352 inevitabilis
1172 1289 1216 1352 de
1241 1289 1376 1372 Tripoli

430 1388 678 1473 lerosolymam
705 1390 876 1453 euntibrts.
929 1388 1012 1454 Huc
1040 1408 1123 1470 ergo
1152 1389 1376 1454 Baldewinus

428 1491 643 1572 perveniens,
665 1489 901 1573 speculatores
922 1487 1016 1553 misit
1042 1489 1104 1572 qui
1124 1489 1228 1553 situm
1251 1489 1320 1554 loci
1342 1499 1377 1554 ct

428 1590 520 1654 vires
536 1590 686 1654 hostium
701 1590 955 1654 renunciarent.
1008 1587 1173 1670 Regressi
1187 1590 1297 1672 legati
1310 1590 1375 1654 dil·

428 1689 620 1755 ficultatem
635 1689 799 1767 sancium,
814 1697 850 1753 et
864 1689 1140 1754 adversariorum
1157 1690 1217 1772 qui
1239 1690 1375 1754 insede-

428 1796 508 1853 rant
532 1790 703 1867 fiduciam,
720 1791 782 1854 vix
807 1809 871 1872 pro
894 1790 1017 1853 timore
1039 1788 1218 1868 intellecti,
1235 1789 1377 1855 anhela—

428 1897 532 1954 runt:
555 1896 593 1954 at
609 1890 843 1967 Baldewinns,
866 1890 926 1972 qui
949 1908 1071 1972 param
1094 1890 1138 1952 ab
1161 1891 1292 1972 optimo
1315 1891 1376 1972 qui

427 2008 580 2072 unquam
604 1989 708 2054 fuerit
731 1989 840 2054 milite
864 1989 1022 2066 distaret,
1049 1987 1135 2052 nihil
1158 1991 1376 2073 perterritus,

427 2090 537 2153 aciem
564 2091 767 2173 dispositam
803 2091 841 2154 in
878 2108 937 2153 eos
973 2097 1172 2154 constanter
1209 2091 1375 2156 instituit.

428 2188 528 2254 Tunc
544 2189 668 2254 Ducah
689 2190 796 2253 mittit
810 2189 945 2271 aliquos
962 2191 1022 2272 qui
1044 2189 1165 2271 praelia
1188 2191 1301 2272 prima
1323 2192 1374 2256 la-

426 2299 576 2368 cessant,
603 2290 810 2372 eliciantque
833 2291 1013 2369 incautos3
1044 2297 1221 2354 retentans
1248 2293 1373 2374 ampli·

426 2407 505 2453 ores
517 2390 610 2454 vires
624 2391 662 2454 in
676 2390 763 2454 locis
777 2389 990 2472 opportunis.
1045 2388 1171 2472 Itaque
1192 2391 1244 2454 illi
1261 2393 1373 2474 primo

425 2508 553 2572 magno
567 2490 699 2574 impetn
712 2489 841 2567 venire,
860 2508 940 2554 mox
959 2490 1105 2555 subinde
1120 2489 1373 2574 subterfugere,

424 2596 463 2653 ut
476 2598 613 2655 nostros
636 2591 672 2654 in
694 2591 875 2672 angustias
891 2590 1111 2655 deducerent.
1164 2590 1247 2656 Non
1269 2592 1374 2659 latuit

424 2688 663 2755 Baldewinnm
677 2690 914 2774 hujuscemodi
923 2690 1114 2771 calliditas;
1133 2691 1205 2768 sed,
1217 2694 1372 2776 antiquae

422 2789 555 2854 militiae
579 2811 644 2854 usu
668 2792 871 2866 instructus,
889 2791 960 2852 suis
974 2797 1014 2853 ut
1029 2790 1147 2871 fugam
1168 2792 1373 2859 simularent

421 2888 556 2971 innuit3
579 2891 683 2954 simul
703 2897 750 2966 et,
766 2896 807 2953 ut
830 2890 1061 2972 suspicionem
1083 2897 1195 2954 metus
1219 2902 1372 2975 urgeret,

421 2992 575 3053 sarcinas
588 2999 623 3056 et
637 2989 883 3072 impedimenta
899 3008 978 3071 quae
993 2982 1199 3072 ²posuerant
1214 2995 1372 3072 resumit,

421 3096 458 3151 et
477 3090 636 3172 jumenta
656 3088 807 3154 stimulis
829 3090 966 3170 agitari,
986 3091 1071 3171 quin
1087 3096 1123 3154 et
1137 3091 1275 3157 ordines
1293 3093 1371 3157 lax-

420 3188 486 3263 ari,
518 3196 558 3251 ut
587 3189 705 3254 hostes
734 3190 960 3266 incurrerent,
993 3190 1113 3255 edixit.
1165 3190 1257 3255 Tum
1285 3214 1370 3259 vero

418 3286 487 3349 hoc
503 3288 580 3352 viso
595 3287 701 3354 'l'urci
726 3289 898 3364 exultare,
913 3295 948 3352 et
970 3288 1081 3353 dirum
1096 3289 1308 3369 frendentes,
1330 3302 1370 3358 ut

421 3385 629 3451 Eumenides
656 3390 835 3452 exululare
859 3389 1027 3466 crederes
1052 3396 1189 3455 nostros
1220 3392 1369 3475 insequi.

420 3483 570 3563 Quidam
599 3489 752 3551 ascensis
781 3487 927 3553 navibus
954 3488 1073 3552 littora
1100 3510 1368 3573 praeoccupare3

418 3585 560 3665 quidam
585 3588 684 3669 equis
705 3606 929 3669 praecurrere,
952 3594 987 3651 et
1004 3590 1205 3671 peregrinos
1228 3591 1368 3657 incante

412 3682 521 3765 juxta
534 3704 629 3749 mare
641 3686 859 3750 ambulantes
883 3686 1091 3752 interimere.
1145 3689 1221 3753 Nec
1239 3691 1368 3756 Franci

416 3783 615 3849 simulatam
647 3785 765 3866 fugam
796 3786 941 3850 omisere
971 3786 1079 3851 donec
1109 3789 1153 3852 ad
1184 3790 1365 3872 planitiem

416 3901 520 3964 quam
543 3884 653 3949 oculis
667 3884 926 3950 destinaverant
946 3888 1185 3967 pervenirent:
1210 3890 1365 3974 nullique

414 3984 585 4048 tumultus
611 4004 795 4048 excussere
817 3986 901 4050 viris
923 3994 1068 4063 menteS,
1090 3988 1280 4070 quinimmo
1303 4011 1363 4055 ne-

446 4201 455 4233 ,
475 4198 608 4273 comm]
634 4206 663 4257 S·
689 4207 735 4267 sti
762 4207 874 4270 camum,
937 4179 1095 4234 'Potuerunt
1111 4186 1233 4252 resumit]
1260 4189 1296 4238 D.
1313 4191 1362 4251 E.;

411 4271 444 4321 Α,
457 4273 492 4323 1),
505 4275 537 4323 Ε,
549 4275 580 4324 ι,
895 4252 950 4369 J'Larn
961 4251 1130 4315 deposuerant
1139 4258 1321 4321 resumi‚A.S.
1332 4260 1362 4310 0.
