3100 5050
440 490 505 555 484
675 508 982 558 rnonocnsmnm
1006 508 1157 568 Qunam.

441 665 614 729 victurum
637 666 731 749 apud
756 686 794 731 se
818 660 997 730 ¹amicitiae
1023 666 1149 748 pignus
1177 664 1391 729 contineant.

443 763 616 843 Quocirca
638 766 789 843 illorum,
812 766 871 850 qui
894 764 977 829 milri
1000 766 1121 830 timent
1143 772 1183 829 ut
1205 771 1267 829 aut
1291 762 1392 827 odiar

442 871 503 928 aut
530 867 688 943 mentiar,
716 865 968 931 benevolentiae
999 873 1133 947 gratus,
1156 866 1209 929 ita
1233 864 1298 928 sub
1324 881 1391 945 ope

444 962 574 1028 Christi
596 965 820 1044 satisfaciam,
843 972 883 1030 ut
897 985 960 1030 nec
976 965 1138 1029 falsarius
1162 984 1225 1027 nec
1241 962 1391 1027 odiosus

442 1063 619 1128 inveniar:
644 1066 693 1129 sic
719 1066 810 1128 enim
831 1066 919 1129 bene
941 1073 976 1129 et
1000 1083 1100 1129 secus
1127 1071 1208 1127 acta
1226 1064 1392 1148 perstrin-

443 1182 536 1244 gam,
552 1171 604 1241 ut,
626 1165 726 1247 quasi
741 1165 834 1228 inter
848 1164 998 1249 Scyllam
1017 1171 1053 1229 et
1064 1164 1264 1228 charibdim
1278 1164 1391 1227 illaeso

443 1262 583 1328 volante
605 1265 758 1346 navigio,
779 1264 828 1327 nil
848 1264 939 1328 desit
961 1264 1153 1341 sententiae,
1172 1263 1238 1350 etsi
1260 1261 1391 1347 aliquid

444 1361 544 1427 deese
569 1370 711 1446 putetur
734 1364 898 1427 historiae.
958 1362 1068 1428 Porro
1095 1363 1177 1440 illis,
1203 1364 1264 1446 qui
1288 1363 1393 1427 alieni

443 1462 571 1526 laboris
595 1482 683 1528 onus
712 1483 778 1528 sua
801 1463 1030 1527 aestimatione
1055 1470 1226 1546 premunt,
1252 1462 1317 1527 hoc
1339 1482 1393 1525 re-

444 1562 597 1645 spondeo
619 1564 712 1645 quod
738 1563 822 1627 olim
838 1556 999 1627 ²sanctus
1018 1563 1223 1646 leronymus
1247 1563 1392 1626 canibus

444 1662 517 1725 suis
538 1661 677 1745 objecit,
703 1662 762 1726 ‘Si
787 1663 914 1745 placet,
941 1662 1082 1745 legant3
1114 1663 1145 1725 si
1171 1682 1241 1727 non
1266 1663 1393 1744 placet,

210 1756 211 1759 ’
316 1780 319 1785 ’
445 1761 612 1844 abjiciant
622 1762 643 1826 :’
661 1762 743 1846 quia
759 1769 795 1827 et
807 1782 873 1844 ego
898 1762 973 1825 haec
994 1782 1063 1827 non
1081 1761 1235 1827 taediosis
1257 1762 1391 1843 ingero,

445 1860 507 1923 sed
523 1860 698 1940 studiosis,
712 1862 741 1925 si
756 1862 817 1944 qui
830 1862 1028 1943 dignentur,
1042 1880 1226 1941 consecr03
1248 1861 1341 1943 quod
1357 1868 1394 1925 et

445 1960 505 2026 isti
523 1952 609 2044 ³juri
634 1963 815 2027 concinere
837 1958 1127 2045 pronunciabunt,
1144 1962 1175 2025 si
1198 1980 1268 2026 non
1281 1960 1324 2024 de
1338 1960 1393 2023 his

446 2065 528 2122 sunt
544 2060 725 2143 dequibus
742 2061 869 2125 dicitur
883 2061 1013 2126 ‘Stulti
1026 2060 1128 2125 facile
1150 2068 1298 2144 possunt
1310 2080 1393 2124 con·

446 2158 551 2236 vinci,
575 2159 712 2225 difficile
736 2160 932 2244 compesci.’
982 2162 1109 2225 Dicam
1134 2160 1244 2243 igitur
1268 2160 1305 2223 in
1328 2160 1394 2225 hoe

446 2258 546 2335 libro,
572 2261 633 2343 qui
653 2260 757 2345 hujus
782 2261 897 2343 operis
920 2268 974 2325 est
994 2267 1152 2343 quartus,
1166 2259 1330 2343 quicquid
1352 2260 1395 2325 de

446 2357 624 2424 Willelmo
648 2360 719 2424 filio
740 2360 908 2425 Willelmi
936 2361 1054 2442 magni
1079 2360 1147 2423 dici
1171 2360 1322 2442 poterit3
1356 2368 1396 2425 ut

446 2477 509 2521 nec
522 2460 652 2523 veritas
668 2479 782 2524 rerum
803 2460 942 2538 titubet,
958 2479 1022 2524 nec
1038 2459 1396 2543 principalisdecolo·

446 2566 542 2623 retur
563 2559 740 2644 majestas.
794 2559 901 2624 Ibunt
915 2561 1007 2643 etin
1028 2561 1115 2624 istas
1136 2562 1284 2643 paginas
1301 2581 1398 2643 quae-

446 2658 526 2722 dam
550 2679 630 2742 quae
653 2660 717 2723 sub
745 2679 798 2736 eo,
821 2660 877 2724 vel
901 2660 938 2723 in
969 2660 1035 2724 hac
1065 2667 1159 2724 terra
1192 2661 1318 2738 tristia,
1339 2662 1396 2726 vel

447 2758 534 2822 alias
564 2758 729 2840 gloriosa,
755 2752 985 2834 *acciderunt
1017 2766 1186 2842 quantum
1222 2760 1396 2826 duntaxat

446 2864 567 2922 nostra
589 2859 736 2924 scientia
758 2859 930 2941 attingere
951 2860 1123 2942 potuerit3
1146 2861 1339 2941 praesertim
1355 2861 1398 2924 de

446 2959 725 3040 peregrinatione
734 2957 1009 3022 Christianorum
1023 2960 1061 3022 in
1076 2958 1278 3036 Ierusalem,
1293 2980 1399 3042 quam

448 3055 503 3120 hic
523 3077 697 3141 apponere
718 3078 789 3121 non
814 3058 879 3122 erit
900 3057 1078 3141 injurium,
1095 3058 1178 3140 quia
1198 3065 1271 3122 tam
1288 3058 1399 3124 famo·

447 3173 522 3218 sam
549 3156 747 3221 hisdiebus
775 3146 1030 3239 expeditionem
1059 3157 1180 3221 audire
1209 3157 1257 3222 sit
1281 3179 1398 3242 operae

447 3255 596 3336 pretium
623 3262 658 3319 et
677 3256 817 3321 virtutis
839 3257 1112 3320 incitamentum.
1164 3255 1290 3339 Neque
1316 3279 1399 3324 vero

448 3353 582 3418 confido
599 3354 691 3436 quod
714 3355 789 3420 haec
807 3375 829 3419 a
843 3375 910 3433 me,
926 3374 1031 3439 quam
1056 3357 1101 3419 ab
1116 3355 1194 3420 aliis
1207 3358 1267 3439 qui
1288 3359 1398 3441 scrip·

447 3461 579 3531 serunt,
595 3454 754 3519 dicantur
770 3455 983 3520 commodius
996 3476 1005 3535 ;
1022 3455 1082 3518 sed
1096 3462 1148 3531 ut,
1162 3456 1255 3537 quod
1270 3475 1294 3520 a
1307 3457 1398 3522 mul-

448 3553 494 3616 tis
520 3555 693 3631 scribitur,
719 3575 741 3617 a
763 3554 882 3618 multis
901 3555 1050 3636 legatur.
1101 3554 1245 3632 Verum,
1262 3576 1307 3619 ne
1325 3565 1399 3621 tarn

448 3651 507 3715 din
521 3653 720 3735 prooemiari
736 3653 869 3717 lecturo
879 3661 1021 3735 generet
1032 3672 1211 3732 nauseam,
1220 3655 1296 3739 jam
1307 3676 1399 3740 nunc

448 3752 540 3833 quod
556 3752 696 3817 intendo
712 3753 888 3835 incipiam.

729 3917 900 3964 EXPLICIT
923 3917 1124 3966 PROLOGUS.

484 4164 652 4228 ¹Amicitioe.]
669 4164 703 4214 A.
720 4164 750 4214 S.
765 4165 801 4214 D.
819 4165 910 4226 n.1..;
970 4163 981 4194 ³
998 4165 1060 4214 Juri
1081 4164 1225 4229 emersere]
1243 4164 1277 4215 A.
1298 4167 1332 4216 Ii.
1352 4167 1401 4230 L.;

448 4235 624 4295 amicitiarum,
638 4235 668 4283 C.
935 4235 984 4282 viri
993 4236 1134 4297 concinere,
1146 4237 1177 4285 0.
1192 4236 1224 4285 D.

483 4302 631 4367 ²Sonctus.]
655 4302 688 4355 A.
708 4305 738 4353 C.
755 4305 791 4354 D.
810 4306 843 4355 E.
860 4304 908 4363 1..;
971 4300 1162 4374 ‘Accianum
1175 4305 1208 4355 A.
1220 4305 1250 4355 S.
1259 4304 1294 4354 D.
1307 4305 1400 4366 E.1..;

447 4373 628 4424 omittedinS.
935 4375 1071 4437 contigere,
1084 4375 1114 4424 G.
