3100 5050
204 514 273 561 nra.
291 499 340 580 v.]
438 515 552 564 ausus
575 517 703 566 nueuu
727 517 938 566 nucnouun.
1089 501 1155 567 679

205 670 343 736 cederet
365 673 432 738 nisi
449 674 561 740 dulce.
613 676 795 756 Quantula
811 697 893 742 vero
916 683 1032 760 potest
1044 676 1152 741 videri

205 768 281 835 baec
305 771 381 856 ejus
408 774 589 840 laudatior
641 776 780 856 Quotus
806 778 896 842 enim
925 779 1071 861 quisque
1098 783 1152 840 est

205 871 266 952 qui
282 872 339 935 vel
359 874 538 940 minimum
556 877 665 941 literis
687 879 841 942 imbutus
862 898 932 941 non
949 878 1037 940 alios
1060 875 1151 940 infra

204 970 411 1052 dignitatem
433 994 532 1039 suam
553 977 724 1060 opinetur,
741 979 871 1042 tumido
886 985 988 1060 gestu
1001 984 1037 1040 et
1054 997 1151 1060 pom·

102 1101 105 1104 ⁴
203 1072 321 1153 patico
346 1073 484 1139 incessu
508 1097 580 1158 prae
606 1096 645 1141 se
670 1077 782 1142 ferens
806 1078 1052 1142 conscientiam
1073 1077 1151 1140 lite·

203 1174 344 1236 rarumt
395 1169 645 1255 Veruntamen,
661 1198 705 1242 ne
720 1179 803 1261 quid
817 1177 1037 1261 perfectionis
1050 1181 1149 1240 s'anc·

203 1277 250 1335 tae
276 1270 413 1338 deesset
438 1276 575 1355 animae,
592 1278 710 1342 multis
731 1279 790 1343 ille
818 1279 919 1342 annis
944 1279 1149 1360 grabbatum

201 1370 303 1502 ¹fovit,
320 1375 455 1440 camino
472 1376 645 1442 diuturnae
658 1378 748 1442 tabis
770 1378 939 1466 medullas
955 1386 990 1442 et
1006 1386 1150 1461 peccata

220 1481 399 1540 excoctus.

202 1661 250 1708 nu
287 1662 566 1714 raausnarronn
602 1631 734 1716 sanem
779 1670 974 1728 curasan,
1018 1670 1063 1718 ar
1102 1670 1149 1716 nn

98 1745 101 1751 ’
251 1762 392 1813 seuera
419 1766 1062 1829 urumnarrus,ouoauueon1³oan
1094 1768 1150 1816 uu-

251 1863 373 1912 rnonn
395 1865 557 1914 murrum
580 1867 688 1917 sunu.

252 1971 270 2054 ἕ
300 1973 377 2037 445.
416 1973 485 2038 Sed
513 1975 596 2059 quid
626 1975 670 2039 de
699 1975 827 2040 talibus
860 1977 986 2060 plural
1038 1978 1149 2043 Erant
1161 1995 1291 2035 aeclesiasti-

199 2071 343 2152 prorsus
370 2081 454 2138 tunc
475 2074 512 2138 in
533 2073 665 2158 Anglia
687 2076 789 2140 multi
813 2077 958 2140 scientia
983 2077 1147 2155 illustres

199 2171 368 2253 religione
380 2174 551 2255 celebres3
575 2195 722 2257 quorum
740 2176 851 2240 virtus
870 2196 911 2240 eo
925 2177 1147 2260 probabilior,

200 2290 284 2353 quo,
309 2275 426 2339 seculo
455 2283 668 2353 senescente,
694 2276 909 2341 constantior
932 2284 968 2341 et
993 2278 1146 2342 viridior.

201 2369 440 2439 Laudabiliter
462 2374 570 2457 igitur
585 2375 735 2441 vivendo
757 2377 860 2441 fidem
887 2378 1072 2460 praeteritis
1095 2379 1146 2443 fa-

200 2471 338 2539 ciebant
362 2475 528 2554 historiis,
553 2496 596 2541 ne
611 2485 732 2543 vetera
752 2476 887 2560 possint
908 2476 1071 2543 falsitatis
1094 2499 1148 2543 ar-

1160 2048 1191 2086 csl
1200 2047 1277 2086 affairs.

199 2573 274 2653 gui,
300 2594 379 2639 curn
405 2596 573 2641 novorum
596 2578 754 2660 exemplo
777 2579 967 2661 probentur
993 2580 1148 2661 potuisse

199 2672 283 2737 fieri.
338 2674 434 2754 Quin
449 2678 554 2741 etiam
572 2678 602 2741 si
617 2679 677 2761 qui
692 2686 810 2741 essent
820 2678 1043 2743 ecclesiarum
1059 2700 1147 2763 pree·

199 2772 263 2837 lati
278 2776 339 2857 qui
353 2776 553 2841 viderentur
568 2778 612 2841 ab
637 2777 860 2860 antiquorum
885 2780 1070 2844 sanctitate
1088 2780 1147 2843 de·

200 2893 358 2955 generes,
375 2876 413 2941 iu
431 2877 664 2941 mundialibus
688 2878 821 2941 scilicet
837 2876 1003 2956 efficaces
1018 2880 1055 2942 in
1076 2882 1147 2962 spi·

199 2973 386 3040 ritualibus
401 2976 559 3057 desides3
586 2978 687 3054 tales,
710 2978 864 3060 inquam,
887 2980 997 3061 siqui
1021 2988 1147 3057 essent,

199 3076 414 3157 sumptuosis
438 3077 594 3141 locorum
623 3078 773 3141 cultibus
797 3080 1011 3142 conabantur
1032 3088 1148 3144 errata

199 3175 417 3240 obumbrare.
470 3177 638 3259 Erigebat
659 3178 806 3259 quisque
831 3179 961 3261 templa
985 3179 1148 3257 recentia,

197 3282 469 3360 sanctorumque
483 3297 623 3341 suorum
640 3284 784 3359 argento
806 3284 841 3341 et
861 3297 946 3342 auro
968 3279 1149 3344 amiciebat

198 3394 359 3459 corpora,
393 3376 479 3440 nihil
506 3376 800 3459 praetermittendo
833 3376 1002 3443 charitate
1030 3380 1147 3462 sump-

197 3482 298 3539 tuum
314 3478 407 3560 quod
429 3475 474 3539 ad
496 3478 645 3559 gratiam
667 3477 778 3560 possit
796 3474 933 3541 allicere
957 3479 1074 3547 oculos
1096 3480 1148 3543 in·
1209 3494 1212 3500 ·

197 3577 383 3640 tuentium.
436 3574 593 3654 Quorum
615 3583 669 3640 est
685 3575 883 3639 Rannulsus
908 3578 1065 3660 superius
1088 3598 1148 3642 no-

198 3676 364 3753 minatus²
378 3678 450 3758 qui,
465 3677 559 3760 apud
583 3676 793 3739 Dunelmum
818 3675 930 3740 factus
953 3678 1147 3759 episcopus,

197 3776 235 3838 in
252 3775 407 3840 aedificiis
422 3776 669 3840 monachorum
684 3776 796 3852 noviS,
814 3782 850 3839 et
864 3776 956 3839 beati
967 3774 1149 3841 Cuthberti

171 3929 182 3938 .
198 3876 435 3955 veneratione,
450 3876 652 3941 nonnullam
669 3875 816 3956 gloriam
831 3876 962 3940 nomini
976 3896 1039 3941 suo
1055 3897 1149 3943 com-

198 3983 337 4041 mentus
351 3983 423 4041 est:
448 3976 548 4061 cujus
573 3976 700 4039 extulit
713 3974 841 4038 famam
858 3968 1004 4039 ²sacrati
1026 3996 1149 4059 corpo—
1163 3998 1217 4039 ro.
1229 3998 1284 4038 1104.

233 4248 243 4281 ¹
254 4252 401 4316 Bascama]
414 4252 447 4303 A.
457 4254 488 4304 G.
500 4254 536 4304 D.
549 4255 581 4305 Ε.
593 4255 664 4314 Ln.;
724 4249 866 4316 ”Sucrutffl
892 4252 925 4303 A.
939 4255 968 4303 C.
987 4253 1022 4303 D.
1035 4256 1067 4305 Ε.
1079 4256 1133 4306 122.
1144 4272 1151 4316 ;

198 4327 344 4385 excoctam,
356 4323 385 4373 S.
683 4324 779 4385 sancti,
791 4323 819 4373 S.

976 4414 1046 4459 2Y2
