3100 5050
410 499 477 565 (1311
627 515 742 565 unsri
766 515 894 565 anouu
918 513 1133 565 saccones.
1229 501 1316 584 [nia.
1332 517 1367 566 v.

412 693 477 757 pro
508 673 576 738 tide
601 681 637 739 et
665 672 835 738 affinitate
863 692 984 740 socero
1015 691 1260 738 annumerans.
1313 673 1366 737 Ea

415 774 664 852 munificentia,
686 775 724 838 in
747 774 820 838 filio
849 774 1054 839 Baldewino
1077 793 1147 839 non
1170 773 1366 851 imminuta,

416 874 518 940 hesit
531 876 569 938 in
583 875 730 939 Roberti
747 874 902 939 Frisonis
915 875 1060 952 malitia,
1075 893 1181 958 quam
1192 867 1368 957 ¹superior

416 993 486 1038 non
501 975 670 1057 praeteriit
690 994 812 1039 sermo.
866 974 977 1040 Porro
993 975 1060 1039 iste
1079 974 1268 1052 RobertuS,
1288 975 1367 1038 Fri·

415 1074 510 1138 sonis
525 1074 629 1152 tilius,
644 1076 810 1138 omissum
832 1094 958 1138 munus
977 1093 1001 1138 a
1014 1073 1190 1140 Willelmo
1213 1074 1368 1139 secundo

416 1193 485 1238 non
509 1173 692 1238 difficulter
712 1175 982 1257 impetraverat3
1005 1174 1099 1257 quod
1124 1181 1160 1238 et
1184 1174 1215 1237 is
1238 1193 1369 1256 cogna-

414 1274 545 1339 tionem
570 1274 805 1357 preetenderit,
828 1281 864 1338 et
884 1275 943 1339 ille
964 1274 1133 1340 invictum
1154 1273 1308 1336 animum
1330 1275 1367 1337 in

415 1374 613 1456 spargenda
644 1375 792 1456 pecunia
821 1374 981 1439 haberet·
1025 1374 1158 1440 Verum
1189 1372 1368 1437 Henricus

415 1474 541 1558 majori
569 1473 720 1557 pondere
742 1494 816 1539 rem
840 1475 1025 1551 ventilans,
1054 1481 1095 1537 ut
1122 1491 1186 1536 neo
1212 1473 1368 1538 indebite

415 1567 603 1638 ’adunaret
624 1575 801 1656 pecuniae,
831 1593 894 1638 nec
928 1573 995 1638 nisi
1019 1572 1133 1637 debite
1156 1572 1368 1655 dilapidaret

416 1672 566 1750 habitas,
590 1672 746 1738 Roberto
762 1676 807 1738 ab
824 1672 1040 1756 lerosolyma
1059 1692 1211 1750 reverso,
1225 1680 1262 1736 et
1277 1693 1368 1755 qua-

416 1772 448 1837 si
461 1792 525 1855 pro
538 1773 683 1855 imperio
698 1779 871 1838 trecentas
888 1774 1025 1855 argenti
1045 1791 1180 1836 marcas
1196 1772 1366 1854 exigenti,

416 1872 453 1935 in
473 1872 562 1937 hanc
576 1874 754 1956 respondit
775 1873 1002 1938 sententiam:
1028 1872 1111 1937 Non
1128 1871 1249 1937 solitos
1262 1892 1366 1955 reges

416 1969 557 2054 Angliae
573 1973 763 2038 Flandritis
777 1973 927 2054 vectigal
951 1972 1113 2056 pendere,
1136 1992 1200 2037 nec
1223 1991 1262 2036 se
1276 1974 1368 2037 veile

415 2071 612 2137 libertatem
635 2073 804 2157 majorum
821 2071 958 2136 macula
980 2090 1052 2136 suae
1074 2071 1272 2137 timiditatis
1292 2072 1366 2136 fus-

416 2191 518 2236 care:
540 2180 765 2257 quapropter,
786 2173 818 2236 si
841 2190 906 2236 suo
928 2171 1124 2237 committat
1145 2173 1301 2250 arbitrio,
1324 2172 1366 2236 ii-

415 2273 537 2337 benter
553 2291 591 2336 se
603 2271 954 2356 qnod‘opportunitas
969 2272 1089 2337 siverit
1103 2280 1142 2336 ut
1157 2281 1309 2354 cognato
1331 2280 1366 2338 at

416 2371 529 2436 amico
549 2371 652 2453 dare3
675 2373 801 2438 sivero
826 2372 863 2436 in
887 2372 1069 2437 exactione
1094 2374 1365 2456 permanendum

418 2472 606 2555 putaverit,
619 2473 758 2539 omnino
779 2491 918 2555 negare.
970 2471 1052 2537 Hac
1069 2473 1129 2537 ifle
1148 2473 1283 2538 ratione
1306 2475 1365 2539 de-

413 2572 542 2656 jectus,
560 2574 711 2638 animum
724 2573 834 2638 multo
848 2582 1003 2656 tempore
1023 2574 1061 2637 in
1078 2593 1195 2656 regem
1217 2575 1363 2640 tumuit:

418 2672 491 2749 sed,
506 2692 630 2756 parum
652 2680 714 2738 aut
735 2674 820 2739 nihil
842 2674 1076 2737 simultatibus
1098 2674 1252 2758 adjutus,
1267 2694 1365 2739 man-

418 2772 592 2837 suetudini
608 2782 758 2839 mentem
773 2772 1057 2851 accommodavit,
1069 2781 1234 2856 expertus
1248 2794 1366 2857 regem

417 2891 519 2953 posse
534 2872 627 2938 flecti
650 2874 819 2956 precario,
833 2893 902 2938 non
924 2872 1018 2937 fastu
1035 2875 1229 2957 tyrannico.
1280 2873 1305 2938 J
1308 2893 1365 2938 am
1407 2872 1409 2875 ’

417 2968 500 3036 vero
518 2972 719 3038 Baldewino
732 2973 807 3037 filio
821 2972 898 3057 ejus
906 2971 1058 3039 varietas
1072 2980 1266 3056 temporum
1281 2994 1364 3043 cau·

417 3090 476 3136 sas
489 3072 619 3136 irarum
628 3072 667 3136 in
681 3092 800 3156 regem
815 3072 929 3138 dedit:
953 3071 1123 3155 siquidem
1134 3067 1367 3140 ³Willelmum

417 3171 525 3235 filium
550 3171 696 3236 Roberti
722 3172 917 3237 Normanni
940 3173 1061 3236 volens
1094 3171 1289 3239 haereditati
1312 3176 1365 3239 in·

417 3271 567 3348 trudere,
581 3271 704 3335 alienis
721 3290 759 3336 se
775 3279 901 3355 sponte
915 3271 1064 3353 negotiis
1078 3271 1276 3352 immiscuit,
1291 3296 1366 3340 cre-

416 3371 716 3454 broque'castella
744 3372 838 3455 regis
865 3373 903 3435 in
934 3371 1151 3437 Normannia
1176 3372 1367 3455 inopinatis

414 3471 589 3554 fatigabat
616 3472 827 3552 assultibus3
858 3490 1022 3555 magnum
1044 3472 1311 3553 incommodum,
1337 3477 1367 3540 si

418 3570 508 3635 Fata
523 3571 699 3649 sivissent,
714 3579 816 3637 terrae
831 3570 1002 3636 minatus:
1025 3572 1087 3637 sed
1105 3572 1198 3654 apud
1213 3566 1366 3641 *Archas

449 3826 609 3893 wama]
625 3827 674 3879 See
684 3827 698 3891 t
709 3831 768 3890 26⁷,
778 3842 805 3889 p.
817 3832 875 3880 tta.
901 3828 931 3878 oi
949 3827 1071 3878 Flandem
1089 3843 1158 3892 upon
1180 3830 1223 3881 the
1245 3832 1325 3885 death
1341 3836 1369 3885 ot

316 3902 323 3911 ’
446 3896 618 3963 'AdmcrttJ
642 3896 677 3948 A.
690 3899 720 3949 c.
733 3897 768 3949 D.
783 3900 813 3950 E.
825 3900 875 3962 L.;
900 3898 1007 3949 charles
1016 3899 1041 3948 le
1053 3898 1118 3963 Bon,
1128 3900 1199 3951 A.D.
1212 3906 1286 3954 1127.

411 3970 551 4032 adamaret,
562 3970 591 4019 S.
934 3966 945 3999 ⁴
965 3963 1094 4037 Arctum]
1123 3970 1270 4023 Historiam
1291 3976 1368 4026 differ

446 4037 457 4071 ³
484 4040 633 4091 Wootm
654 4037 741 4103 filim
773 4037 877 4087 marti
899 4038 959 4088 both
971 4053 1001 4088 as
1011 4044 1037 4089 to
1048 4038 1091 4089 the
1105 4040 1178 4101 place
1189 4042 1275 4093 where
1287 4046 1368 4096 Bald-

413 4104 573 4179 Nonacaat]
598 4108 722 4170 William,
740 4109 875 4158 sumamed
900 4109 952 4157 win
963 4123 1018 4159 was
1029 4110 1165 4174 wounded,
1176 4112 1228 4161 and
1234 4114 1323 4166 where
1334 4117 1367 4167 he

412 4180 507 4242 Cliton,
529 4194 574 4230 son
595 4178 624 4229 ot
643 4179 738 4230 Robert
756 4178 826 4228 duke
849 4178 879 4227 of
899 4179 968 4241 died,
979 4179 1030 4229 and
1040 4194 1104 4229 even
1119 4195 1153 4242 as,
1165 4184 1192 4232 to
1207 4182 1251 4232 the
1261 4187 1324 4235 tima
1342 4189 1373 4239 ot'

412 4250 561 4311 Normandy
579 4250 629 4298 and
651 4249 742 4299 sibilla
758 4249 792 4297 de
808 4247 876 4298 Gon·
899 4248 939 4297 his
956 4249 1047 4309 death3
1064 4251 1110 4299 hut
1121 4251 1150 4299 'it
1161 4265 1242 4302 seems
1258 4255 1315 4305 that
1333 4258 1367 4308 he

410 4334 525 4383 vernano,
532 4317 874 4369 suooemodtoueoarldom
899 4320 991 4381 passed
1002 4320 1045 4369 the
1059 4320 1109 4370 last
1118 4324 1162 4370 ten
1172 4323 1272 4375 months
1282 4326 1313 4375 of
1324 4327 1366 4379 his
