3100 5050
400 495 465 561 572
616 510 730 558 essm
754 508 881 557 nncuu
905 507 1120 558 nucnouuu.
1196 492 1286 575 [ms.
1304 505 1351 552 ιν.

401 671 552 734 biterent
578 669 777 748 subsistere,
800 669 860 732 ubi
881 668 938 732 vel
965 666 1129 750 pestifero
1152 665 1356 732 afflarentur

402 769 552 835 aerevel
569 770 776 834 Saracenica
797 768 1035 833 occiderentur
1059 768 1165 832 rabie.
1218 766 1357 832 Cedant

404 890 488 952 ergo
503 877 685 953 poetarum
701 870 897 954 praeconia3
921 888 984 932 nec
999 869 1132 951 priscos
1154 866 1279 932 heroas
1296 887 1357 932 ve-

407 980 462 1036 tus
485 957 625 1035 attollat
646 970 775 1034 sabula.
829 968 927 1034 Nihil
947 987 1100 1051 unquam
1115 967 1238 1032 horum
1259 967 1357 1032 laudi

406 1071 637 1154 comparabile
656 1070 729 1134 ulla
749 1089 900 1152 genuere
922 1069 1058 1133 secula:
1082 1087 1175 1145 nam,
1193 1075 1229 1132 et
1242 1069 1274 1132 si
1287 1087 1359 1150 qua

407 1171 544 1236 illorum
566 1171 633 1235 suit
648 1170 769 1247 virtus,
793 1169 830 1233 in
857 1169 1091 1253 sepulchrales
1115 1167 1253 1233 favillas
1275 1175 1358 1252 post

408 1284 553 1336 mortem
564 1271 725 1350 evanuit3
740 1269 834 1353 quod
845 1270 960 1353 potius
976 1270 1013 1333 in
1024 1268 1208 1332 mundialis
1219 1288 1359 1351 pompae

408 1371 551 1448 sumum,
562 1390 666 1454 quam
679 1369 715 1434 in
733 1370 838 1434 ullius
848 1370 929 1434 boni
944 1369 1104 1446 solidum,
1121 1368 1230 1432 effusa
1240 1369 1360 1434 fuerit.

410 1472 563 1536 Istorum
587 1479 703 1535 autem
727 1469 938 1534 fortitudinis
960 1470 1129 1534 sentietur
1154 1469 1300 1548 utilitate,
1322 1478 1361 1534 et

410 1571 612 1635 ostendetur
627 1569 792 1653 dignitas,
810 1571 974 1653 quamdiu
998 1569 1091 1634 orbis
1105 1569 1307 1636 volubilitas
1323 1577 1361 1634 et

411 1679 533 1735 sanctu
548 1671 678 1753 vigebit
693 1670 950 1736 Christianitas.
1002 1670 1096 1750 Quid
1118 1690 1202 1735 vero
1224 1669 1267 1734 de
1290 1670 1363 1734 dis-

412 1771 541 1853 ciplina
570 1779 606 1836 et
634 1772 846 1836 abstinentia
875 1771 983 1837 totius
1015 1770 1189 1836 exercitus
1217 1770 1360 1834 dicaml

414 1870 523 1935 Nulla
544 1872 591 1935 ibi
604 1872 735 1935 ventris
755 1871 940 1954 ingluvies,
964 1871 1061 1935 nulla
1076 1871 1143 1936 suit
1157 1871 1254 1954 penis
1278 1871 1361 1934 illu·

412 1970 498 2050 vies,
524 1991 603 2054 quae
625 1991 695 2036 non
719 1971 884 2036 continuo
905 1971 961 2036 vel
984 1970 1111 2036 ducum
1138 1963 1366 2035 ¹auctoritate

412 2071 469 2136 vel
497 2071 736 2154 episcoporum
761 2091 918 2136 sermone
947 2071 1188 2153 corrigeretur.
1251 2071 1365 2136 Nulla

412 2171 591 2254 praedandi
605 2191 667 2254 per
684 2177 794 2236 terras
809 2170 1083 2235 Christianorum
1097 2170 1243 2253 cupido;
1267 2171 1367 2238 nulla

414 2271 505 2334 inter
519 2291 557 2335 se
574 2271 810 2335 controversia
824 2290 902 2353 quae
921 2290 990 2334 non
1006 2270 1119 2348 facile,
1134 2270 1366 2336 mediatorum

410 2369 568 2454 judicum
598 2370 808 2452 cognitione,
841 2368 1062 2435 recideretur.
1126 2369 1366 2454 Quapropter,

414 2467 497 2553 quia
522 2477 593 2534 tam
615 2469 766 2535 ordinati
791 2471 964 2537 exercitus
986 2471 1064 2535 laus
1081 2469 1125 2535 ad
1138 2471 1366 2555 praelatorum

414 2569 584 2634 redundat
600 2570 759 2653 gloriam,
781 2572 996 2654 singulorum
1017 2590 1198 2654 procerum
1212 2571 1308 2637 sacta
1330 2581 1367 2637 et

415 2669 533 2733 exitus
556 2670 685 2753 scripto
708 2670 916 2753 insigniam;
942 2672 1209 2754 necquicquam
1223 2674 1367 2738 veritati

413 2769 603 2833 secundum
628 2770 816 2835 relatorum
840 2790 992 2835 meorum
1016 2771 1255 2839 credulitatem
1282 2774 1365 2837 sub-

414 2869 561 2934 traham.
615 2869 744 2934 Nullus
759 2890 854 2948 vero,
869 2872 925 2934 cui
942 2872 1088 2954 amplior
1106 2873 1266 2953 provenit
1284 2892 1364 2955 ges-

414 2976 528 3033 torum
558 2970 694 3048 notitia,
721 2990 776 3033 me
798 2990 861 3052 pro
894 2972 1068 3035 incurioso
1096 2978 1243 3053 arguat3
1282 2974 1366 3055 quia

414 3076 510 3132 trans
537 3090 705 3134 oceanum
734 3070 974 3134 Britannicum
1006 3071 1143 3135 abditos
1171 3072 1233 3134 vix
1266 3074 1365 3137 tenui

414 3188 586 3233 murmure
604 3190 716 3233 rerum
737 3167 946 3234 Asianorum
959 3169 1052 3236 fama
1067 3171 1231 3237 illustrat.

741 3363 789 3409 nn
812 3330 1028 3411 condemno.

465 3468 579 3551 §37a
613 3469 756 3534 Initium
785 3490 867 3552 ergo
896 3469 1035 3534 laudum
1066 3488 1129 3532 rex
1155 3467 1368 3535 Godefridus

284 3591 307 3619 ιι
322 3592 356 3620 on·
414 3559 593 3650 ²0ccupat,
609 3570 669 3651 qui
695 3570 874 3634 Eustachii
898 3570 1034 3633 comitis
1055 3570 1300 3647 Bononiensis
1324 3571 1367 3635 de

414 3685 483 3748 quo
507 3676 659 3752 tempore
685 3671 777 3752 regis
793 3670 955 3733 Edwardi
972 3670 1058 3745 dixi,
1077 3669 1181 3747 filius,
1204 3676 1385 3747 materno,

414 3767 638 3832 excellentior
662 3789 800 3850 genere,
828 3769 872 3834 ad
892 3768 1015 3833 Karoli
1041 3770 1159 3851 magni
1181 3772 1367 3851 spectabat

413 3864 551 3930 lineam.
604 3867 778 3950 Siquidem
794 3875 916 3946 mater,
929 3868 995 3940 Ida
1012 3870 1162 3946 nomine,
1180 3867 1365 3935 Godefridi

413 3966 547 4048 antiqui
577 3967 867 4053 Lotharingorum
898 3967 996 4031 ducis
1026 3967 1109 4046 filia,
1141 3967 1266 4033 habuit
1296 3970 1365 4035 fra-

447 4235 639 4302 mearum]
658 4240 687 4289 s.
699 4240 734 4288 n.
747 4240 779 4287 n.
789 4255 797 4301 ;
815 4254 873 4288 aus·
932 4220 1086 4309 wemma]
1104 4246 1137 4293 r.
1161 4245 1190 4293 c.
1209 4244 1244 4294 u.
1262 4246 1296 4295 n.
1313 4247 1362 4306 n.;

409 4308 517 4369 teritate,
528 4308 559 4356 L.
896 4311 999 4359 omitted
1009 4312 1035 4359 iu
1048 4311 1076 4360 S.
